[
	{
		"symbol": "SPG",
		"financials": [
			{
				"date": "2018-12-31",
				"Revenue": "5657919000.0",
				"Revenue Growth": "0.0215",
				"Cost of Revenue": "1007964000.0",
				"Gross Profit": "4649955000.0",
				"R&D Expenses": "0.0",
				"SG&A Expense": "334461000.0",
				"Operating Expenses": "1726237000.0",
				"Operating Income": "2923718000.0",
				"Interest Expense": "815923000.0",
				"Earnings before Tax": "2476956000.0",
				"Income Tax Expense": "36898000.0",
				"Net Income - Non-Controlling int": "382285000.0",
				"Net Income - Discontinued ops": "0.0",
				"Net Income": "2440058000.0",
				"Preferred Dividends": "3337000.0",
				"Net Income Com": "2436721000.0",
				"EPS": "7.87",
				"EPS Diluted": "7.87",
				"Weighted Average Shs Out": "309304415.0",
				"Weighted Average Shs Out (Dil)": "309304415.0",
				"Dividend per Share": "7.9",
				"Gross Margin": "0.8218",
				"EBITDA Margin": "0.821",
				"EBIT Margin": "0.582",
				"Profit Margin": "0.431",
				"Free Cash Flow margin": "0.5247",
				"EBITDA": "4642655000.0",
				"EBIT": "3292879000.0",
				"Consolidated Income": "2822343000.0",
				"Earnings Before Tax Margin": "0.4378",
				"Net Profit Margin": "0.4313"
			},
			{
				"date": "2017-12-31",
				"Revenue": "5538640000.0",
				"Revenue Growth": "0.019",
				"Cost of Revenue": "980080000.0",
				"Gross Profit": "4558560000.0",
				"R&D Expenses": "0.0",
				"SG&A Expense": "337987000.0",
				"Operating Expenses": "1744916000.0",
				"Operating Income": "2813644000.0",
				"Interest Expense": "809393000.0",
				"Earnings before Tax": "1971305000.0",
				"Income Tax Expense": "23343000.0",
				"Net Income - Non-Controlling int": "296941000.0",
				"Net Income - Discontinued ops": "0.0",
				"Net Income": "1947962000.0",
				"Preferred Dividends": "3337000.0",
				"Net Income Com": "1944625000.0",
				"EPS": "6.24",
				"EPS Diluted": "6.24",
				"Weighted Average Shs Out": "310860387.0",
				"Weighted Average Shs Out (Dil)": "310860387.0",
				"Dividend per Share": "7.15",
				"Gross Margin": "0.823",
				"EBITDA Margin": "0.747",
				"EBIT Margin": "0.5021",
				"Profit Margin": "0.351",
				"Free Cash Flow margin": "0.5167",
				"EBITDA": "4138049000.0",
				"EBIT": "2780698000.0",
				"Consolidated Income": "2244903000.0",
				"Earnings Before Tax Margin": "0.3559",
				"Net Profit Margin": "0.3517"
			},
			{
				"date": "2016-12-31",
				"Revenue": "5435229000.0",
				"Revenue Growth": "0.0321",
				"Cost of Revenue": "971147000.0",
				"Gross Profit": "4464082000.0",
				"R&D Expenses": "0.0",
				"SG&A Expense": "366289000.0",
				"Operating Expenses": "1735935000.0",
				"Operating Income": "2728147000.0",
				"Interest Expense": "857554000.0",
				"Earnings before Tax": "1868574000.0",
				"Income Tax Expense": "29678000.0",
				"Net Income - Non-Controlling int": "295810000.0",
				"Net Income - Discontinued ops": "0.0",
				"Net Income": "1838896000.0",
				"Preferred Dividends": "3337000.0",
				"Net Income Com": "1835559000.0",
				"EPS": "5.87",
				"EPS Diluted": "5.87",
				"Weighted Average Shs Out": "314237517.0",
				"Weighted Average Shs Out (Dil)": "314237517.0",
				"Dividend per Share": "6.5",
				"Gross Margin": "0.8213",
				"EBITDA Margin": "0.746",
				"EBIT Margin": "0.5016",
				"Profit Margin": "0.338",
				"Free Cash Flow margin": "0.4736",
				"EBITDA": "4054074000.0",
				"EBIT": "2726128000.0",
				"Consolidated Income": "2134706000.0",
				"Earnings Before Tax Margin": "0.3438",
				"Net Profit Margin": "0.3383"
			},
			{
				"date": "2015-12-31",
				"Revenue": "5266103000.0",
				"Revenue Growth": "0.0812",
				"Cost of Revenue": "960192000.0",
				"Gross Profit": "4305911000.0",
				"R&D Expenses": "0.0",
				"SG&A Expense": "349999000.0",
				"Operating Expenses": "1630403000.0",
				"Operating Income": "2675508000.0",
				"Interest Expense": "923697000.0",
				"Earnings before Tax": "1847890000.0",
				"Income Tax Expense": "20170000.0",
				"Net Income - Non-Controlling int": "311655000.0",
				"Net Income - Discontinued ops": "0.0",
				"Net Income": "1827720000.0",
				"Preferred Dividends": "3337000.0",
				"Net Income Com": "1824383000.0",
				"EPS": "5.88",
				"EPS Diluted": "5.88",
				"Weighted Average Shs Out": "309418080.0",
				"Weighted Average Shs Out (Dil)": "309418080.0",
				"Dividend per Share": "6.05",
				"Gross Margin": "0.8177",
				"EBITDA Margin": "0.762",
				"EBIT Margin": "0.5263",
				"Profit Margin": "0.346",
				"Free Cash Flow margin": "0.3805",
				"EBITDA": "4010801000.0",
				"EBIT": "2771587000.0",
				"Consolidated Income": "2139375000.0",
				"Earnings Before Tax Margin": "0.3509",
				"Net Profit Margin": "0.3471"
			},
			{
				"date": "2014-12-31",
				"Revenue": "4870818000.0",
				"Revenue Growth": "0.072",
				"Cost of Revenue": "882803000.0",
				"Gross Profit": "3988015000.0",
				"R&D Expenses": "0.0",
				"SG&A Expense": "355190000.0",
				"Operating Expenses": "1590672000.0",
				"Operating Income": "2397343000.0",
				"Interest Expense": "992601000.0",
				"Earnings before Tax": "1436673000.0",
				"Income Tax Expense": "28085000.0",
				"Net Income - Non-Controlling int": "242938000.0",
				"Net Income - Discontinued ops": "-29361000.0",
				"Net Income": "1408588000.0",
				"Preferred Dividends": "3337000.0",
				"Net Income Com": "1405251000.0",
				"EPS": "4.52",
				"EPS Diluted": "4.52",
				"Weighted Average Shs Out": "310782075.0",
				"Weighted Average Shs Out (Dil)": "310782075.0",
				"Dividend per Share": "18.165",
				"Gross Margin": "0.8188",
				"EBITDA Margin": "0.763",
				"EBIT Margin": "0.4987",
				"Profit Margin": "0.289",
				"Free Cash Flow margin": "0.397",
				"EBITDA": "3715058000.0",
				"EBIT": "2429274000.0",
				"Consolidated Income": "1651526000.0",
				"Earnings Before Tax Margin": "0.295",
				"Net Profit Margin": "0.2892"
			},
			{
				"date": "2013-12-31",
				"Revenue": "4543849000.0",
				"Revenue Growth": "0.0676",
				"Cost of Revenue": "837946000.0",
				"Gross Profit": "3705903000.0",
				"R&D Expenses": "0.0",
				"SG&A Expense": "318628000.0",
				"Operating Expenses": "1510069000.0",
				"Operating Income": "2195834000.0",
				"Interest Expense": "1082081000.0",
				"Earnings before Tax": "1359179000.0",
				"Income Tax Expense": "39538000.0",
				"Net Income - Non-Controlling int": "231949000.0",
				"Net Income - Discontinued ops": "-184797000.0",
				"Net Income": "1319641000.0",
				"Preferred Dividends": "3337000.0",
				"Net Income Com": "1316304000.0",
				"EPS": "4.24",
				"EPS Diluted": "4.24",
				"Weighted Average Shs Out": "310333283.0",
				"Weighted Average Shs Out (Dil)": "310333283.0",
				"Dividend per Share": "4.65",
				"Gross Margin": "0.8156",
				"EBITDA Margin": "0.831",
				"EBIT Margin": "0.5373",
				"Profit Margin": "0.29",
				"Free Cash Flow margin": "0.4093",
				"EBITDA": "3774210000.0",
				"EBIT": "2441260000.0",
				"Consolidated Income": "1551590000.0",
				"Earnings Before Tax Margin": "0.2991",
				"Net Profit Margin": "0.2904"
			},
			{
				"date": "2012-12-31",
				"Revenue": "4256157000.0",
				"Revenue Growth": "-0.0117",
				"Cost of Revenue": "800380000.0",
				"Gross Profit": "3455777000.0",
				"R&D Expenses": "0.0",
				"SG&A Expense": "290879000.0",
				"Operating Expenses": "1445069000.0",
				"Operating Income": "2010708000.0",
				"Interest Expense": "1068181000.0",
				"Earnings before Tax": "1450211000.0",
				"Income Tax Expense": "15715000.0",
				"Net Income - Non-Controlling int": "285136000.0",
				"Net Income - Discontinued ops": "-156390000.0",
				"Net Income": "1434496000.0",
				"Preferred Dividends": "3337000.0",
				"Net Income Com": "1431159000.0",
				"EPS": "4.72",
				"EPS Diluted": "4.72",
				"Weighted Average Shs Out": "309349208.0",
				"Weighted Average Shs Out (Dil)": "309349208.0",
				"Dividend per Share": "4.1",
				"Gross Margin": "0.8119",
				"EBITDA Margin": "0.897",
				"EBIT Margin": "0.5917",
				"Profit Margin": "0.336",
				"Free Cash Flow margin": "0.4019",
				"EBITDA": "3819696000.0",
				"EBIT": "2518392000.0",
				"Consolidated Income": "1719632000.0",
				"Earnings Before Tax Margin": "0.3407",
				"Net Profit Margin": "0.337"
			},
			{
				"date": "2011-12-31",
				"Revenue": "4306432000.0",
				"Revenue Growth": "0.0881",
				"Cost of Revenue": "919822000.0",
				"Gross Profit": "3386610000.0",
				"R&D Expenses": "0.0",
				"SG&A Expense": "281939000.0",
				"Operating Expenses": "1436951000.0",
				"Operating Income": "1949659000.0",
				"Interest Expense": "983526000.0",
				"Earnings before Tax": "1036394000.0",
				"Income Tax Expense": "11595000.0",
				"Net Income - Non-Controlling int": "221101000.0",
				"Net Income - Discontinued ops": "0.0",
				"Net Income": "1024799000.0",
				"Preferred Dividends": "3337000.0",
				"Net Income Com": "1021462000.0",
				"EPS": "3.48",
				"EPS Diluted": "3.48",
				"Weighted Average Shs Out": "293795361.0",
				"Weighted Average Shs Out (Dil)": "293795361.0",
				"Dividend per Share": "3.5",
				"Gross Margin": "0.7864",
				"EBITDA Margin": "0.727",
				"EBIT Margin": "0.469",
				"Profit Margin": "0.237",
				"Free Cash Flow margin": "0.3623",
				"EBITDA": "3132358000.0",
				"EBIT": "2019920000.0",
				"Consolidated Income": "1245900000.0",
				"Earnings Before Tax Margin": "0.2407",
				"Net Profit Margin": "0.238"
			},
			{
				"date": "2010-12-31",
				"Revenue": "3957630000.0",
				"Revenue Growth": "0.0483",
				"Cost of Revenue": "862649000.0",
				"Gross Profit": "3094981000.0",
				"R&D Expenses": "0.0",
				"SG&A Expense": "227775000.0",
				"Operating Expenses": "1345015000.0",
				"Operating Income": "1749966000.0",
				"Interest Expense": "1027091000.0",
				"Earnings before Tax": "621369000.0",
				"Income Tax Expense": "4331000.0",
				"Net Income - Non-Controlling int": "136476000.0",
				"Net Income - Discontinued ops": "0.0",
				"Net Income": "617038000.0",
				"Preferred Dividends": "6614000.0",
				"Net Income Com": "610424000.0",
				"EPS": "2.1",
				"EPS Diluted": "2.1",
				"Weighted Average Shs Out": "292901883.0",
				"Weighted Average Shs Out (Dil)": "292901883.0",
				"Dividend per Share": "2.6",
				"Gross Margin": "0.782",
				"EBITDA Margin": "0.673",
				"EBIT Margin": "0.4165",
				"Profit Margin": "0.154",
				"Free Cash Flow margin": "0.3787",
				"EBITDA": "2664487000.0",
				"EBIT": "1648460000.0",
				"Consolidated Income": "753514000.0",
				"Earnings Before Tax Margin": "0.157",
				"Net Profit Margin": "0.1559"
			},
			{
				"date": "2009-12-31",
				"Revenue": "3775216000.0",
				"Revenue Growth": "-0.0021",
				"Cost of Revenue": "851396000.0",
				"Gross Profit": "2923820000.0",
				"R&D Expenses": "0.0",
				"SG&A Expense": "221737000.0",
				"Operating Expenses": "1494473000.0",
				"Operating Income": "1429347000.0",
				"Interest Expense": "992065000.0",
				"Earnings before Tax": "304187000.0",
				"Income Tax Expense": "-5220000.0",
				"Net Income - Non-Controlling int": "77855000.0",
				"Net Income - Discontinued ops": "0.0",
				"Net Income": "309407000.0",
				"Preferred Dividends": "26309000.0",
				"Net Income Com": "283098000.0",
				"EPS": "1.06",
				"EPS Diluted": "1.05",
				"Weighted Average Shs Out": "283309181.0",
				"Weighted Average Shs Out (Dil)": "283309181.0",
				"Dividend per Share": "2.578",
				"Gross Margin": "0.7745",
				"EBITDA Margin": "0.611",
				"EBIT Margin": "0.3434",
				"Profit Margin": "0.075",
				"Free Cash Flow margin": "0.3561",
				"EBITDA": "2305742000.0",
				"EBIT": "1296252000.0",
				"Consolidated Income": "387262000.0",
				"Earnings Before Tax Margin": "0.0806",
				"Net Profit Margin": "0.082"
			}
		]
	},
	{
		"symbol": "NRZ",
		"financials": [
			{
				"date": "2018-12-31",
				"Revenue": "1451487000.0",
				"Revenue Growth": "-0.0956",
				"Cost of Revenue": "201041000.0",
				"Gross Profit": "1250446000.0",
				"R&D Expenses": "0.0",
				"SG&A Expense": "231579000.0",
				"Operating Expenses": "408363000.0",
				"Operating Income": "842083000.0",
				"Interest Expense": "0.0",
				"Earnings before Tax": "890536000.0",
				"Income Tax Expense": "-73431000.0",
				"Net Income - Non-Controlling int": "40564000.0",
				"Net Income - Discontinued ops": "0.0",
				"Net Income": "963967000.0",
				"Preferred Dividends": "0.0",
				"Net Income Com": "963967000.0",
				"EPS": "2.82",
				"EPS Diluted": "2.81",
				"Weighted Average Shs Out": "340354429.0",
				"Weighted Average Shs Out (Dil)": "341268923.0",
				"Dividend per Share": "2.0",
				"Gross Margin": "0.8615",
				"EBITDA Margin": "0.614",
				"EBIT Margin": "0.6135",
				"Profit Margin": "0.664",
				"Free Cash Flow margin": "-0.8428",
				"EBITDA": "890536000.0",
				"EBIT": "890536000.0",
				"Consolidated Income": "1004531000.0",
				"Earnings Before Tax Margin": "0.6135",
				"Net Profit Margin": "0.6641"
			},
			{
				"date": "2017-12-31",
				"Revenue": "1604857000.0",
				"Revenue Growth": "1.0166",
				"Cost of Revenue": "189337000.0",
				"Gross Profit": "1415520000.0",
				"R&D Expenses": "0.0",
				"SG&A Expense": "67159000.0",
				"Operating Expenses": "233240000.0",
				"Operating Income": "1182280000.0",
				"Interest Expense": "0.0",
				"Earnings before Tax": "1125161000.0",
				"Income Tax Expense": "167628000.0",
				"Net Income - Non-Controlling int": "57119000.0",
				"Net Income - Discontinued ops": "0.0",
				"Net Income": "957533000.0",
				"Preferred Dividends": "0.0",
				"Net Income Com": "957533000.0",
				"EPS": "3.17",
				"EPS Diluted": "3.15",
				"Weighted Average Shs Out": "307361309.0",
				"Weighted Average Shs Out (Dil)": "302238065.0",
				"Dividend per Share": "1.98",
				"Gross Margin": "0.882",
				"EBITDA Margin": "0.701",
				"EBIT Margin": "0.7011",
				"Profit Margin": "0.597",
				"Free Cash Flow margin": "-0.5606",
				"EBITDA": "1125161000.0",
				"EBIT": "1125161000.0",
				"Consolidated Income": "1014652000.0",
				"Earnings Before Tax Margin": "0.7011",
				"Net Profit Margin": "0.5966"
			},
			{
				"date": "2016-12-31",
				"Revenue": "795837000.0",
				"Revenue Growth": "1.0474",
				"Cost of Revenue": "127808000.0",
				"Gross Profit": "668029000.0",
				"R&D Expenses": "0.0",
				"SG&A Expense": "38570000.0",
				"Operating Expenses": "46402000.0",
				"Operating Income": "621627000.0",
				"Interest Expense": "0.0",
				"Earnings before Tax": "543364000.0",
				"Income Tax Expense": "38911000.0",
				"Net Income - Non-Controlling int": "78263000.0",
				"Net Income - Discontinued ops": "0.0",
				"Net Income": "504453000.0",
				"Preferred Dividends": "0.0",
				"Net Income Com": "504453000.0",
				"EPS": "2.12",
				"EPS Diluted": "2.12",
				"Weighted Average Shs Out": "250773117.0",
				"Weighted Average Shs Out (Dil)": "238122665.0",
				"Dividend per Share": "1.84",
				"Gross Margin": "0.8394",
				"EBITDA Margin": "0.683",
				"EBIT Margin": "0.6828",
				"Profit Margin": "0.634",
				"Free Cash Flow margin": "0.7047",
				"EBITDA": "543364000.0",
				"EBIT": "543364000.0",
				"Consolidated Income": "582716000.0",
				"Earnings Before Tax Margin": "0.6828",
				"Net Profit Margin": "0.6339"
			},
			{
				"date": "2015-12-31",
				"Revenue": "388704000.0",
				"Revenue Growth": "-0.318",
				"Cost of Revenue": "55961000.0",
				"Gross Profit": "332743000.0",
				"R&D Expenses": "0.0",
				"SG&A Expense": "61862000.0",
				"Operating Expenses": "61862000.0",
				"Operating Income": "270881000.0",
				"Interest Expense": "0.0",
				"Earnings before Tax": "257635000.0",
				"Income Tax Expense": "-11001000.0",
				"Net Income - Non-Controlling int": "13246000.0",
				"Net Income - Discontinued ops": "0.0",
				"Net Income": "268636000.0",
				"Preferred Dividends": "0.0",
				"Net Income Com": "268636000.0",
				"EPS": "1.34",
				"EPS Diluted": "1.32",
				"Weighted Average Shs Out": "230458866.0",
				"Weighted Average Shs Out (Dil)": "200739809.0",
				"Dividend per Share": "1.75",
				"Gross Margin": "0.856",
				"EBITDA Margin": "0.663",
				"EBIT Margin": "0.6628",
				"Profit Margin": "0.691",
				"Free Cash Flow margin": "0.7885",
				"EBITDA": "257635000.0",
				"EBIT": "257635000.0",
				"Consolidated Income": "281882000.0",
				"Earnings Before Tax Margin": "0.6628",
				"Net Profit Margin": "0.6911"
			},
			{
				"date": "2014-12-31",
				"Revenue": "569955000.0",
				"Revenue Growth": "0.8499",
				"Cost of Revenue": "77898000.0",
				"Gross Profit": "492057000.0",
				"R&D Expenses": "0.0",
				"SG&A Expense": "27001000.0",
				"Operating Expenses": "27001000.0",
				"Operating Income": "465056000.0",
				"Interest Expense": "0.0",
				"Earnings before Tax": "375834000.0",
				"Income Tax Expense": "22957000.0",
				"Net Income - Non-Controlling int": "89222000.0",
				"Net Income - Discontinued ops": "0.0",
				"Net Income": "352877000.0",
				"Preferred Dividends": "0.0",
				"Net Income Com": "352877000.0",
				"EPS": "2.59",
				"EPS Diluted": "2.53",
				"Weighted Average Shs Out": "141382603.0",
				"Weighted Average Shs Out (Dil)": "136472865.0",
				"Dividend per Share": "1.58",
				"Gross Margin": "0.8633",
				"EBITDA Margin": "0.659",
				"EBIT Margin": "0.6594",
				"Profit Margin": "0.619",
				"Free Cash Flow margin": "-0.3019",
				"EBITDA": "375834000.0",
				"EBIT": "375834000.0",
				"Consolidated Income": "442099000.0",
				"Earnings Before Tax Margin": "0.6594",
				"Net Profit Margin": "0.6191"
			},
			{
				"date": "2013-12-31",
				"Revenue": "308097000.0",
				"Revenue Growth": "5.1036",
				"Cost of Revenue": "32499000.0",
				"Gross Profit": "275598000.0",
				"R&D Expenses": "0.0",
				"SG&A Expense": "9975000.0",
				"Operating Expenses": "9975000.0",
				"Operating Income": "265623000.0",
				"Interest Expense": "0.0",
				"Earnings before Tax": "265949000.0",
				"Income Tax Expense": "0.0",
				"Net Income - Non-Controlling int": "-326000.0",
				"Net Income - Discontinued ops": "0.0",
				"Net Income": "265949000.0",
				"Preferred Dividends": "0.0",
				"Net Income Com": "265949000.0",
				"EPS": "2.1",
				"EPS Diluted": "2.07",
				"Weighted Average Shs Out": "126593140.0",
				"Weighted Average Shs Out (Dil)": "126539024.0",
				"Dividend per Share": "0.99",
				"Gross Margin": "0.8945",
				"EBITDA Margin": "0.863",
				"EBIT Margin": "0.8632",
				"Profit Margin": "0.863",
				"Free Cash Flow margin": "0.5093",
				"EBITDA": "265949000.0",
				"EBIT": "265949000.0",
				"Consolidated Income": "265623000.0",
				"Earnings Before Tax Margin": "0.8632",
				"Net Profit Margin": "0.8632"
			},
			{
				"date": "2012-12-31",
				"Revenue": "50478000.0",
				"Revenue Growth": "",
				"Cost of Revenue": "3353000.0",
				"Gross Profit": "47125000.0",
				"R&D Expenses": "0.0",
				"SG&A Expense": "5878000.0",
				"Operating Expenses": "5878000.0",
				"Operating Income": "41247000.0",
				"Interest Expense": "0.0",
				"Earnings before Tax": "41247000.0",
				"Income Tax Expense": "0.0",
				"Net Income - Non-Controlling int": "0.0",
				"Net Income - Discontinued ops": "0.0",
				"Net Income": "41247000.0",
				"Preferred Dividends": "0.0",
				"Net Income Com": "41247000.0",
				"EPS": "0.33",
				"EPS Diluted": "0.33",
				"Weighted Average Shs Out": "",
				"Weighted Average Shs Out (Dil)": "126512823.0",
				"Dividend per Share": "0.0",
				"Gross Margin": "0.9336",
				"EBITDA Margin": "0.817",
				"EBIT Margin": "0.8171",
				"Profit Margin": "0.817",
				"Free Cash Flow margin": "0.0",
				"EBITDA": "41247000.0",
				"EBIT": "41247000.0",
				"Consolidated Income": "41247000.0",
				"Earnings Before Tax Margin": "0.8171",
				"Net Profit Margin": "0.8171"
			}
		]
	},
	{
		"symbol": "GNL",
		"financials": [
			{
				"date": "2018-12-31",
				"Revenue": "282207000.0",
				"Revenue Growth": "0.0884",
				"Cost of Revenue": "56966000.0",
				"Gross Profit": "225241000.0",
				"R&D Expenses": "0.0",
				"SG&A Expense": "10439000.0",
				"Operating Expenses": "151470000.0",
				"Operating Income": "73771000.0",
				"Interest Expense": "57973000.0",
				"Earnings before Tax": "13331000.0",
				"Income Tax Expense": "2434000.0",
				"Net Income - Non-Controlling int": "0.0",
				"Net Income - Discontinued ops": "0.0",
				"Net Income": "10897000.0",
				"Preferred Dividends": "9815000.0",
				"Net Income Com": "1082000.0",
				"EPS": "0.01",
				"EPS Diluted": "0.01",
				"Weighted Average Shs Out": "72071542.0",
				"Weighted Average Shs Out (Dil)": "69411061.0",
				"Dividend per Share": "2.128",
				"Gross Margin": "0.7981",
				"EBITDA Margin": "0.676",
				"EBIT Margin": "0.2527",
				"Profit Margin": "0.004",
				"Free Cash Flow margin": "-1.1924",
				"EBITDA": "190886000.0",
				"EBIT": "71304000.0",
				"Consolidated Income": "10897000.0",
				"Earnings Before Tax Margin": "0.0472",
				"Net Profit Margin": "0.0386"
			},
			{
				"date": "2017-12-31",
				"Revenue": "259295000.0",
				"Revenue Growth": "0.2107",
				"Cost of Revenue": "53314000.0",
				"Gross Profit": "205981000.0",
				"R&D Expenses": "0.0",
				"SG&A Expense": "8648000.0",
				"Operating Expenses": "119933000.0",
				"Operating Income": "86048000.0",
				"Interest Expense": "48450000.0",
				"Earnings before Tax": "26705000.0",
				"Income Tax Expense": "3140000.0",
				"Net Income - Non-Controlling int": "21000.0",
				"Net Income - Discontinued ops": "0.0",
				"Net Income": "23565000.0",
				"Preferred Dividends": "2834000.0",
				"Net Income Com": "20731000.0",
				"EPS": "0.3",
				"EPS Diluted": "0.3",
				"Weighted Average Shs Out": "67286817.0",
				"Weighted Average Shs Out (Dil)": "66877620.0",
				"Dividend per Share": "2.006",
				"Gross Margin": "0.7944",
				"EBITDA Margin": "0.726",
				"EBIT Margin": "0.2898",
				"Profit Margin": "0.08",
				"Free Cash Flow margin": "0.1121",
				"EBITDA": "188203000.0",
				"EBIT": "75155000.0",
				"Consolidated Income": "23586000.0",
				"Earnings Before Tax Margin": "0.103",
				"Net Profit Margin": "0.0909"
			},
			{
				"date": "2016-12-31",
				"Revenue": "214174000.0",
				"Revenue Growth": "0.0431",
				"Cost of Revenue": "38789000.0",
				"Gross Profit": "175385000.0",
				"R&D Expenses": "0.0",
				"SG&A Expense": "7108000.0",
				"Operating Expenses": "115103000.0",
				"Operating Income": "60282000.0",
				"Interest Expense": "39121000.0",
				"Earnings before Tax": "51562000.0",
				"Income Tax Expense": "4422000.0",
				"Net Income - Non-Controlling int": "437000.0",
				"Net Income - Discontinued ops": "0.0",
				"Net Income": "47140000.0",
				"Preferred Dividends": "0.0",
				"Net Income Com": "47140000.0",
				"EPS": "0.82",
				"EPS Diluted": "0.82",
				"Weighted Average Shs Out": "56747314.0",
				"Weighted Average Shs Out (Dil)": "56720448.0",
				"Dividend per Share": "2.13",
				"Gross Margin": "0.8189",
				"EBITDA Margin": "0.864",
				"EBIT Margin": "0.4234",
				"Profit Margin": "0.22",
				"Free Cash Flow margin": "0.5332",
				"EBITDA": "185138000.0",
				"EBIT": "90683000.0",
				"Consolidated Income": "47577000.0",
				"Earnings Before Tax Margin": "0.2407",
				"Net Profit Margin": "0.2201"
			},
			{
				"date": "2015-12-31",
				"Revenue": "205332000.0",
				"Revenue Growth": "1.1988",
				"Cost of Revenue": "33347000.0",
				"Gross Profit": "171985000.0",
				"R&D Expenses": "0.0",
				"SG&A Expense": "25828000.0",
				"Operating Expenses": "138776000.0",
				"Operating Income": "33209000.0",
				"Interest Expense": "34864000.0",
				"Earnings before Tax": "3824000.0",
				"Income Tax Expense": "5889000.0",
				"Net Income - Non-Controlling int": "50000.0",
				"Net Income - Discontinued ops": "0.0",
				"Net Income": "-2065000.0",
				"Preferred Dividends": "0.0",
				"Net Income Com": "-2065000.0",
				"EPS": "-0.04",
				"EPS Diluted": "-0.04",
				"Weighted Average Shs Out": "56312155.0",
				"Weighted Average Shs Out (Dil)": "58103298.0",
				"Dividend per Share": "1.069",
				"Gross Margin": "0.8376",
				"EBITDA Margin": "0.627",
				"EBIT Margin": "0.1884",
				"Profit Margin": "-0.01",
				"Free Cash Flow margin": "-0.6362",
				"EBITDA": "128758000.0",
				"EBIT": "38688000.0",
				"Consolidated Income": "-2015000.0",
				"Earnings Before Tax Margin": "0.0186",
				"Net Profit Margin": "-0.0101"
			},
			{
				"date": "2014-12-31",
				"Revenue": "93383000.0",
				"Revenue Growth": "22.6353",
				"Cost of Revenue": "8744000.0",
				"Gross Profit": "84639000.0",
				"R&D Expenses": "0.0",
				"SG&A Expense": "4314000.0",
				"Operating Expenses": "128199000.0",
				"Operating Income": "-43560000.0",
				"Interest Expense": "14852000.0",
				"Earnings before Tax": "-55025000.0",
				"Income Tax Expense": "-1431000.0",
				"Net Income - Non-Controlling int": "0.0",
				"Net Income - Discontinued ops": "0.0",
				"Net Income": "-53594000.0",
				"Preferred Dividends": "0.0",
				"Net Income Com": "-53594000.0",
				"EPS": "-1.29",
				"EPS Diluted": "-1.29",
				"Weighted Average Shs Out": "58941005.0",
				"Weighted Average Shs Out (Dil)": "42026414.0",
				"Dividend per Share": "0.0",
				"Gross Margin": "0.9064",
				"EBITDA Margin": "0.002",
				"EBIT Margin": "-0.4302",
				"Profit Margin": "-0.574",
				"Free Cash Flow margin": "-16.3454",
				"EBITDA": "214000.0",
				"EBIT": "-40173000.0",
				"Consolidated Income": "-53594000.0",
				"Earnings Before Tax Margin": "-0.5892",
				"Net Profit Margin": "-0.5739"
			},
			{
				"date": "2013-12-31",
				"Revenue": "3951000.0",
				"Revenue Growth": "130.7",
				"Cost of Revenue": "92000.0",
				"Gross Profit": "3859000.0",
				"R&D Expenses": "0.0",
				"SG&A Expense": "58000.0",
				"Operating Expenses": "9915000.0",
				"Operating Income": "-6056000.0",
				"Interest Expense": "969000.0",
				"Earnings before Tax": "-6989000.0",
				"Income Tax Expense": "0.0",
				"Net Income - Non-Controlling int": "0.0",
				"Net Income - Discontinued ops": "0.0",
				"Net Income": "-6989000.0",
				"Preferred Dividends": "0.0",
				"Net Income Com": "-6989000.0",
				"EPS": "-3.84",
				"EPS Diluted": "-3.84",
				"Weighted Average Shs Out": "3377957.0",
				"Weighted Average Shs Out (Dil)": "1817800.0",
				"Dividend per Share": "0.0",
				"Gross Margin": "0.9767",
				"EBITDA Margin": "-0.989",
				"EBIT Margin": "-1.5237",
				"Profit Margin": "-1.769",
				"Free Cash Flow margin": "-29.1438",
				"EBITDA": "-3908000.0",
				"EBIT": "-6020000.0",
				"Consolidated Income": "-6989000.0",
				"Earnings Before Tax Margin": "-1.7689",
				"Net Profit Margin": "-1.7689"
			},
			{
				"date": "2012-12-31",
				"Revenue": "30000.0",
				"Revenue Growth": "",
				"Cost of Revenue": "1000.0",
				"Gross Profit": "29000.0",
				"R&D Expenses": "0.0",
				"SG&A Expense": "183000.0",
				"Operating Expenses": "432000.0",
				"Operating Income": "-403000.0",
				"Interest Expense": "10000.0",
				"Earnings before Tax": "-413000.0",
				"Income Tax Expense": "0.0",
				"Net Income - Non-Controlling int": "0.0",
				"Net Income - Discontinued ops": "0.0",
				"Net Income": "-413000.0",
				"Preferred Dividends": "0.0",
				"Net Income Com": "-413000.0",
				"EPS": "-19.29",
				"EPS Diluted": "-19.29",
				"Weighted Average Shs Out": "84667.0",
				"Weighted Average Shs Out (Dil)": "21417.0",
				"Dividend per Share": "0.0",
				"Gross Margin": "0.9667",
				"EBITDA Margin": "-12.733",
				"EBIT Margin": "-13.4333",
				"Profit Margin": "-13.767",
				"Free Cash Flow margin": "-59.1667",
				"EBITDA": "-382000.0",
				"EBIT": "-403000.0",
				"Consolidated Income": "-413000.0",
				"Earnings Before Tax Margin": "-13.7667",
				"Net Profit Margin": "-13.7667"
			}
		]
	},
	{
		"symbol": "PLYM",
		"financials": [
			{
				"date": "2018-12-31",
				"Revenue": "49217000.0",
				"Revenue Growth": "0.9831",
				"Cost of Revenue": "17449000.0",
				"Gross Profit": "31768000.0",
				"R&D Expenses": "0.0",
				"SG&A Expense": "6032000.0",
				"Operating Expenses": "32820000.0",
				"Operating Income": "-1052000.0",
				"Interest Expense": "15734000.0",
				"Earnings before Tax": "-18716000.0",
				"Income Tax Expense": "0.0",
				"Net Income - Non-Controlling int": "-2459000.0",
				"Net Income - Discontinued ops": "0.0",
				"Net Income": "-18716000.0",
				"Preferred Dividends": "4500000.0",
				"Net Income Com": "-23216000.0",
				"EPS": "-5.76",
				"EPS Diluted": "-5.76",
				"Weighted Average Shs Out": "4821876.0",
				"Weighted Average Shs Out (Dil)": "4027329.0",
				"Dividend per Share": "1.5",
				"Gross Margin": "0.6455",
				"EBITDA Margin": "0.484",
				"EBIT Margin": "-0.0606",
				"Profit Margin": "-0.472",
				"Free Cash Flow margin": "0.2238",
				"EBITDA": "23806000.0",
				"EBIT": "-2982000.0",
				"Consolidated Income": "-21175000.0",
				"Earnings Before Tax Margin": "-0.3803",
				"Net Profit Margin": "-0.3803"
			},
			{
				"date": "2017-12-31",
				"Revenue": "24818000.0",
				"Revenue Growth": "0.2479",
				"Cost of Revenue": "8205000.0",
				"Gross Profit": "16613000.0",
				"R&D Expenses": "0.0",
				"SG&A Expense": "5189000.0",
				"Operating Expenses": "19290000.0",
				"Operating Income": "-2677000.0",
				"Interest Expense": "11581000.0",
				"Earnings before Tax": "-8707000.0",
				"Income Tax Expense": "0.0",
				"Net Income - Non-Controlling int": "-5320000.0",
				"Net Income - Discontinued ops": "0.0",
				"Net Income": "-8707000.0",
				"Preferred Dividends": "851000.0",
				"Net Income Com": "-9558000.0",
				"EPS": "-4.45",
				"EPS Diluted": "-4.45",
				"Weighted Average Shs Out": "3812886.0",
				"Weighted Average Shs Out (Dil)": "2149977.0",
				"Dividend per Share": "0.815",
				"Gross Margin": "0.6694",
				"EBITDA Margin": "0.68",
				"EBIT Margin": "0.1158",
				"Profit Margin": "-0.385",
				"Free Cash Flow margin": "0.2747",
				"EBITDA": "16872000.0",
				"EBIT": "2874000.0",
				"Consolidated Income": "-14027000.0",
				"Earnings Before Tax Margin": "-0.3508",
				"Net Profit Margin": "-0.3508"
			},
			{
				"date": "2016-12-31",
				"Revenue": "19888000.0",
				"Revenue Growth": "0.0356",
				"Cost of Revenue": "5927000.0",
				"Gross Profit": "13961000.0",
				"R&D Expenses": "0.0",
				"SG&A Expense": "3709000.0",
				"Operating Expenses": "15416000.0",
				"Operating Income": "-1455000.0",
				"Interest Expense": "40679000.0",
				"Earnings before Tax": "-36987000.0",
				"Income Tax Expense": "0.0",
				"Net Income - Non-Controlling int": "-2301000.0",
				"Net Income - Discontinued ops": "0.0",
				"Net Income": "-36987000.0",
				"Preferred Dividends": "0.0",
				"Net Income Com": "-36987000.0",
				"EPS": "-111.42",
				"EPS Diluted": "-111.42",
				"Weighted Average Shs Out": "331965.0",
				"Weighted Average Shs Out (Dil)": "331965.0",
				"Dividend per Share": "0.0",
				"Gross Margin": "0.702",
				"EBITDA Margin": "0.773",
				"EBIT Margin": "0.1856",
				"Profit Margin": "-1.86",
				"Free Cash Flow margin": "-0.0317",
				"EBITDA": "15366000.0",
				"EBIT": "3692000.0",
				"Consolidated Income": "-39288000.0",
				"Earnings Before Tax Margin": "-1.8598",
				"Net Profit Margin": "-1.8598"
			},
			{
				"date": "2015-12-31",
				"Revenue": "19205000.0",
				"Revenue Growth": "5.7647",
				"Cost of Revenue": "5751000.0",
				"Gross Profit": "13454000.0",
				"R&D Expenses": "0.0",
				"SG&A Expense": "4688000.0",
				"Operating Expenses": "18823000.0",
				"Operating Income": "-5369000.0",
				"Interest Expense": "44676000.0",
				"Earnings before Tax": "-48665000.0",
				"Income Tax Expense": "0.0",
				"Net Income - Non-Controlling int": "0.0",
				"Net Income - Discontinued ops": "0.0",
				"Net Income": "-48665000.0",
				"Preferred Dividends": "0.0",
				"Net Income Com": "-48665000.0",
				"EPS": "-146.6",
				"EPS Diluted": "-146.6",
				"Weighted Average Shs Out": "331965.0",
				"Weighted Average Shs Out (Dil)": "331965.0",
				"Dividend per Share": "0.0",
				"Gross Margin": "0.7005",
				"EBITDA Margin": "0.479",
				"EBIT Margin": "-0.2077",
				"Profit Margin": "-2.534",
				"Free Cash Flow margin": "-0.2556",
				"EBITDA": "9191000.0",
				"EBIT": "-3989000.0",
				"Consolidated Income": "-48665000.0",
				"Earnings Before Tax Margin": "-2.534",
				"Net Profit Margin": "-2.534"
			},
			{
				"date": "2014-12-31",
				"Revenue": "2839000.0",
				"Revenue Growth": "5.82",
				"Cost of Revenue": "604000.0",
				"Gross Profit": "2235000.0",
				"R&D Expenses": "0.0",
				"SG&A Expense": "3302000.0",
				"Operating Expenses": "7717000.0",
				"Operating Income": "-5482000.0",
				"Interest Expense": "13279000.0",
				"Earnings before Tax": "-18429000.0",
				"Income Tax Expense": "0.0",
				"Net Income - Non-Controlling int": "0.0",
				"Net Income - Discontinued ops": "0.0",
				"Net Income": "-18429000.0",
				"Preferred Dividends": "0.0",
				"Net Income Com": "-18429000.0",
				"EPS": "-56.76",
				"EPS Diluted": "-56.76",
				"Weighted Average Shs Out": "331448.0",
				"Weighted Average Shs Out (Dil)": "324661.0",
				"Dividend per Share": "0.0",
				"Gross Margin": "0.7872",
				"EBITDA Margin": "-1.255",
				"EBIT Margin": "-1.814",
				"Profit Margin": "-6.491",
				"Free Cash Flow margin": "-56.1899",
				"EBITDA": "-3563000.0",
				"EBIT": "-5150000.0",
				"Consolidated Income": "-18429000.0",
				"Earnings Before Tax Margin": "-6.4914",
				"Net Profit Margin": "-6.4914"
			},
			{
				"date": "2013-12-31",
				"Revenue": "-589000.0",
				"Revenue Growth": "",
				"Cost of Revenue": "0.0",
				"Gross Profit": "-589000.0",
				"R&D Expenses": "0.0",
				"SG&A Expense": "2883000.0",
				"Operating Expenses": "2883000.0",
				"Operating Income": "-3472000.0",
				"Interest Expense": "0.0",
				"Earnings before Tax": "-3472000.0",
				"Income Tax Expense": "0.0",
				"Net Income - Non-Controlling int": "0.0",
				"Net Income - Discontinued ops": "0.0",
				"Net Income": "-3472000.0",
				"Preferred Dividends": "0.0",
				"Net Income Com": "-3472000.0",
				"EPS": "-20.36",
				"EPS Diluted": "-20.36",
				"Weighted Average Shs Out": "",
				"Weighted Average Shs Out (Dil)": "170408.0",
				"Dividend per Share": "0.0",
				"Gross Margin": "1.0",
				"EBITDA Margin": "5.895",
				"EBIT Margin": "5.8947",
				"Profit Margin": "5.895",
				"Free Cash Flow margin": "4.9643",
				"EBITDA": "-3472000.0",
				"EBIT": "-3472000.0",
				"Consolidated Income": "-3472000.0",
				"Earnings Before Tax Margin": "5.8947",
				"Net Profit Margin": "5.8947"
			}
		]
	},
	{
		"symbol": "SBRA",
		"financials": [
			{
				"date": "2018-12-31",
				"Revenue": "623409000.0",
				"Revenue Growth": "0.5368",
				"Cost of Revenue": "0.0",
				"Gross Profit": "623409000.0",
				"R&D Expenses": "0.0",
				"SG&A Expense": "36458000.0",
				"Operating Expenses": "318507000.0",
				"Operating Income": "304902000.0",
				"Interest Expense": "147106000.0",
				"Earnings before Tax": "282093000.0",
				"Income Tax Expense": "3011000.0",
				"Net Income - Non-Controlling int": "33000.0",
				"Net Income - Discontinued ops": "0.0",
				"Net Income": "279082000.0",
				"Preferred Dividends": "9768000.0",
				"Net Income Com": "269314000.0",
				"EPS": "1.51",
				"EPS Diluted": "1.51",
				"Weighted Average Shs Out": "178284975.0",
				"Weighted Average Shs Out (Dil)": "178305738.0",
				"Dividend per Share": "1.8",
				"Gross Margin": "1.0",
				"EBITDA Margin": "0.995",
				"EBIT Margin": "0.6885",
				"Profit Margin": "0.432",
				"Free Cash Flow margin": "0.5307",
				"EBITDA": "620578000.0",
				"EBIT": "429199000.0",
				"Consolidated Income": "279115000.0",
				"Earnings Before Tax Margin": "0.4525",
				"Net Profit Margin": "0.4477"
			},
			{
				"date": "2017-12-31",
				"Revenue": "405647000.0",
				"Revenue Growth": "0.557",
				"Cost of Revenue": "0.0",
				"Gross Profit": "405647000.0",
				"R&D Expenses": "0.0",
				"SG&A Expense": "32401000.0",
				"Operating Expenses": "212837000.0",
				"Operating Income": "192810000.0",
				"Interest Expense": "88440000.0",
				"Earnings before Tax": "159034000.0",
				"Income Tax Expense": "651000.0",
				"Net Income - Non-Controlling int": "-18000.0",
				"Net Income - Discontinued ops": "0.0",
				"Net Income": "158383000.0",
				"Preferred Dividends": "10242000.0",
				"Net Income Com": "148141000.0",
				"EPS": "1.4",
				"EPS Diluted": "1.4",
				"Weighted Average Shs Out": "178232213.0",
				"Weighted Average Shs Out (Dil)": "105621242.0",
				"Dividend per Share": "1.73",
				"Gross Margin": "1.0",
				"EBITDA Margin": "0.891",
				"EBIT Margin": "0.6101",
				"Profit Margin": "0.365",
				"Free Cash Flow margin": "0.3176",
				"EBITDA": "361356000.0",
				"EBIT": "247474000.0",
				"Consolidated Income": "158365000.0",
				"Earnings Before Tax Margin": "0.3921",
				"Net Profit Margin": "0.3904"
			},
			{
				"date": "2016-12-31",
				"Revenue": "260526000.0",
				"Revenue Growth": "0.0907",
				"Cost of Revenue": "0.0",
				"Gross Profit": "260526000.0",
				"R&D Expenses": "0.0",
				"SG&A Expense": "17672000.0",
				"Operating Expenses": "128398000.0",
				"Operating Income": "132128000.0",
				"Interest Expense": "64873000.0",
				"Earnings before Tax": "71325000.0",
				"Income Tax Expense": "1049000.0",
				"Net Income - Non-Controlling int": "-71000.0",
				"Net Income - Discontinued ops": "0.0",
				"Net Income": "70276000.0",
				"Preferred Dividends": "10242000.0",
				"Net Income Com": "60034000.0",
				"EPS": "0.92",
				"EPS Diluted": "0.92",
				"Weighted Average Shs Out": "65259836.0",
				"Weighted Average Shs Out (Dil)": "65284251.0",
				"Dividend per Share": "1.67",
				"Gross Margin": "1.0",
				"EBITDA Margin": "0.786",
				"EBIT Margin": "0.5228",
				"Profit Margin": "0.23",
				"Free Cash Flow margin": "0.6714",
				"EBITDA": "204670000.0",
				"EBIT": "136198000.0",
				"Consolidated Income": "70205000.0",
				"Earnings Before Tax Margin": "0.2738",
				"Net Profit Margin": "0.2697"
			},
			{
				"date": "2015-12-31",
				"Revenue": "238864000.0",
				"Revenue Growth": "0.3016",
				"Cost of Revenue": "0.0",
				"Gross Profit": "238864000.0",
				"R&D Expenses": "0.0",
				"SG&A Expense": "16093000.0",
				"Operating Expenses": "101613000.0",
				"Operating Income": "137251000.0",
				"Interest Expense": "59218000.0",
				"Earnings before Tax": "80162000.0",
				"Income Tax Expense": "749000.0",
				"Net Income - Non-Controlling int": "-30000.0",
				"Net Income - Discontinued ops": "0.0",
				"Net Income": "79413000.0",
				"Preferred Dividends": "10242000.0",
				"Net Income Com": "69171000.0",
				"EPS": "1.11",
				"EPS Diluted": "1.11",
				"Weighted Average Shs Out": "65134056.0",
				"Weighted Average Shs Out (Dil)": "62235014.0",
				"Dividend per Share": "1.6",
				"Gross Margin": "1.0",
				"EBITDA Margin": "0.848",
				"EBIT Margin": "0.5835",
				"Profit Margin": "0.29",
				"Free Cash Flow margin": "0.4915",
				"EBITDA": "202459000.0",
				"EBIT": "139380000.0",
				"Consolidated Income": "79383000.0",
				"Earnings Before Tax Margin": "0.3356",
				"Net Profit Margin": "0.3325"
			},
			{
				"date": "2014-12-31",
				"Revenue": "183518000.0",
				"Revenue Growth": "0.3616",
				"Cost of Revenue": "0.0",
				"Gross Profit": "183518000.0",
				"R&D Expenses": "0.0",
				"SG&A Expense": "23815000.0",
				"Operating Expenses": "72671000.0",
				"Operating Income": "110847000.0",
				"Interest Expense": "46958000.0",
				"Earnings before Tax": "46952000.0",
				"Income Tax Expense": "0.0",
				"Net Income - Non-Controlling int": "-43000.0",
				"Net Income - Discontinued ops": "0.0",
				"Net Income": "46952000.0",
				"Preferred Dividends": "10242000.0",
				"Net Income Com": "36710000.0",
				"EPS": "0.79",
				"EPS Diluted": "0.78",
				"Weighted Average Shs Out": "54527984.0",
				"Weighted Average Shs Out (Dil)": "46351544.0",
				"Dividend per Share": "1.51",
				"Gross Margin": "1.0",
				"EBITDA Margin": "0.748",
				"EBIT Margin": "0.5117",
				"Profit Margin": "0.2",
				"Free Cash Flow margin": "-3.7468",
				"EBITDA": "137242000.0",
				"EBIT": "93910000.0",
				"Consolidated Income": "46909000.0",
				"Earnings Before Tax Margin": "0.2558",
				"Net Profit Margin": "0.2558"
			},
			{
				"date": "2013-12-31",
				"Revenue": "134780000.0",
				"Revenue Growth": "0.3064",
				"Cost of Revenue": "0.0",
				"Gross Profit": "134780000.0",
				"R&D Expenses": "0.0",
				"SG&A Expense": "16423000.0",
				"Operating Expenses": "49704000.0",
				"Operating Income": "85076000.0",
				"Interest Expense": "40460000.0",
				"Earnings before Tax": "33715000.0",
				"Income Tax Expense": "0.0",
				"Net Income - Non-Controlling int": "0.0",
				"Net Income - Discontinued ops": "0.0",
				"Net Income": "33715000.0",
				"Preferred Dividends": "7966000.0",
				"Net Income Com": "25749000.0",
				"EPS": "0.69",
				"EPS Diluted": "0.68",
				"Weighted Average Shs Out": "37881943.0",
				"Weighted Average Shs Out (Dil)": "37514637.0",
				"Dividend per Share": "1.36",
				"Gross Margin": "1.0",
				"EBITDA Margin": "0.797",
				"EBIT Margin": "0.5503",
				"Profit Margin": "0.191",
				"Free Cash Flow margin": "-0.4794",
				"EBITDA": "107456000.0",
				"EBIT": "74175000.0",
				"Consolidated Income": "33715000.0",
				"Earnings Before Tax Margin": "0.2501",
				"Net Profit Margin": "0.2501"
			},
			{
				"date": "2012-12-31",
				"Revenue": "103170000.0",
				"Revenue Growth": "0.2249",
				"Cost of Revenue": "0.0",
				"Gross Profit": "103170000.0",
				"R&D Expenses": "0.0",
				"SG&A Expense": "16104000.0",
				"Operating Expenses": "48848000.0",
				"Operating Income": "54322000.0",
				"Interest Expense": "34335000.0",
				"Earnings before Tax": "19513000.0",
				"Income Tax Expense": "0.0",
				"Net Income - Non-Controlling int": "0.0",
				"Net Income - Discontinued ops": "0.0",
				"Net Income": "19513000.0",
				"Preferred Dividends": "0.0",
				"Net Income Com": "19513000.0",
				"EPS": "0.53",
				"EPS Diluted": "0.52",
				"Weighted Average Shs Out": "37051242.0",
				"Weighted Average Shs Out (Dil)": "37061111.0",
				"Dividend per Share": "1.32",
				"Gross Margin": "1.0",
				"EBITDA Margin": "0.815",
				"EBIT Margin": "0.5219",
				"Profit Margin": "0.189",
				"Free Cash Flow margin": "-1.456",
				"EBITDA": "84111000.0",
				"EBIT": "53848000.0",
				"Consolidated Income": "19513000.0",
				"Earnings Before Tax Margin": "0.1891",
				"Net Profit Margin": "0.1891"
			},
			{
				"date": "2011-12-31",
				"Revenue": "84225000.0",
				"Revenue Growth": "",
				"Cost of Revenue": "0.0",
				"Gross Profit": "84225000.0",
				"R&D Expenses": "0.0",
				"SG&A Expense": "14473000.0",
				"Operating Expenses": "41064000.0",
				"Operating Income": "43161000.0",
				"Interest Expense": "30319000.0",
				"Earnings before Tax": "12842000.0",
				"Income Tax Expense": "0.0",
				"Net Income - Non-Controlling int": "0.0",
				"Net Income - Discontinued ops": "0.0",
				"Net Income": "12842000.0",
				"Preferred Dividends": "0.0",
				"Net Income Com": "12842000.0",
				"EPS": "0.43",
				"EPS Diluted": "0.43",
				"Weighted Average Shs Out": "36868248.0",
				"Weighted Average Shs Out (Dil)": "30109417.0",
				"Dividend per Share": "0.96",
				"Gross Margin": "1.0",
				"EBITDA Margin": "0.828",
				"EBIT Margin": "0.5124",
				"Profit Margin": "0.152",
				"Free Cash Flow margin": "-1.8983",
				"EBITDA": "69752000.0",
				"EBIT": "43161000.0",
				"Consolidated Income": "12842000.0",
				"Earnings Before Tax Margin": "0.1525",
				"Net Profit Margin": "0.1525"
			}
		]
	},
	{
		"symbol": "STWD",
		"financials": [
			{
				"date": "2018-12-31",
				"Revenue": "1109280000.0",
				"Revenue Growth": "0.2607",
				"Cost of Revenue": "129455000.0",
				"Gross Profit": "979825000.0",
				"R&D Expenses": "0.0",
				"SG&A Expense": "136132000.0",
				"Operating Expenses": "439989000.0",
				"Operating Income": "539836000.0",
				"Interest Expense": "408188000.0",
				"Earnings before Tax": "401160000.0",
				"Income Tax Expense": "15330000.0",
				"Net Income - Non-Controlling int": "25367000.0",
				"Net Income - Discontinued ops": "0.0",
				"Net Income": "385830000.0",
				"Preferred Dividends": "0.0",
				"Net Income Com": "385830000.0",
				"EPS": "1.44",
				"EPS Diluted": "1.42",
				"Weighted Average Shs Out": "275351911.0",
				"Weighted Average Shs Out (Dil)": "275351911.0",
				"Dividend per Share": "1.92",
				"Gross Margin": "0.8833",
				"EBITDA Margin": "0.848",
				"EBIT Margin": "0.7296",
				"Profit Margin": "0.348",
				"Free Cash Flow margin": "0.4784",
				"EBITDA": "940186000.0",
				"EBIT": "809348000.0",
				"Consolidated Income": "411197000.0",
				"Earnings Before Tax Margin": "0.3616",
				"Net Profit Margin": "0.3478"
			},
			{
				"date": "2017-12-31",
				"Revenue": "879888000.0",
				"Revenue Growth": "0.1214",
				"Cost of Revenue": "122699000.0",
				"Gross Profit": "757189000.0",
				"R&D Expenses": "0.0",
				"SG&A Expense": "129587000.0",
				"Operating Expenses": "316884000.0",
				"Operating Income": "440305000.0",
				"Interest Expense": "295666000.0",
				"Earnings before Tax": "432292000.0",
				"Income Tax Expense": "31522000.0",
				"Net Income - Non-Controlling int": "11997000.0",
				"Net Income - Discontinued ops": "0.0",
				"Net Income": "400770000.0",
				"Preferred Dividends": "0.0",
				"Net Income Com": "400770000.0",
				"EPS": "1.53",
				"EPS Diluted": "1.52",
				"Weighted Average Shs Out": "260998683.0",
				"Weighted Average Shs Out (Dil)": "260998683.0",
				"Dividend per Share": "1.92",
				"Gross Margin": "0.8606",
				"EBITDA Margin": "0.931",
				"EBIT Margin": "0.8273",
				"Profit Margin": "0.455",
				"Free Cash Flow margin": "-0.9328",
				"EBITDA": "818854000.0",
				"EBIT": "727958000.0",
				"Consolidated Income": "412767000.0",
				"Earnings Before Tax Margin": "0.4913",
				"Net Profit Margin": "0.4555"
			},
			{
				"date": "2016-12-31",
				"Revenue": "784667000.0",
				"Revenue Growth": "0.0663",
				"Cost of Revenue": "117451000.0",
				"Gross Profit": "667216000.0",
				"R&D Expenses": "0.0",
				"SG&A Expense": "152941000.0",
				"Operating Expenses": "302877000.0",
				"Operating Income": "364339000.0",
				"Interest Expense": "230799000.0",
				"Earnings before Tax": "373530000.0",
				"Income Tax Expense": "8344000.0",
				"Net Income - Non-Controlling int": "2465000.0",
				"Net Income - Discontinued ops": "0.0",
				"Net Income": "365186000.0",
				"Preferred Dividends": "0.0",
				"Net Income Com": "365186000.0",
				"EPS": "1.52",
				"EPS Diluted": "1.5",
				"Weighted Average Shs Out": "238411267.0",
				"Weighted Average Shs Out (Dil)": "238411267.0",
				"Dividend per Share": "1.92",
				"Gross Margin": "0.8503",
				"EBITDA Margin": "0.849",
				"EBIT Margin": "0.7702",
				"Profit Margin": "0.465",
				"Free Cash Flow margin": "0.689",
				"EBITDA": "665900000.0",
				"EBIT": "604329000.0",
				"Consolidated Income": "367651000.0",
				"Earnings Before Tax Margin": "0.476",
				"Net Profit Margin": "0.4654"
			},
			{
				"date": "2015-12-31",
				"Revenue": "735877000.0",
				"Revenue Growth": "0.047",
				"Cost of Revenue": "124733000.0",
				"Gross Profit": "611144000.0",
				"R&D Expenses": "0.0",
				"SG&A Expense": "154628000.0",
				"Operating Expenses": "208996000.0",
				"Operating Income": "402148000.0",
				"Interest Expense": "202550000.0",
				"Earnings before Tax": "467903000.0",
				"Income Tax Expense": "17206000.0",
				"Net Income - Non-Controlling int": "1486000.0",
				"Net Income - Discontinued ops": "0.0",
				"Net Income": "450697000.0",
				"Preferred Dividends": "0.0",
				"Net Income Com": "450697000.0",
				"EPS": "1.92",
				"EPS Diluted": "1.91",
				"Weighted Average Shs Out": "237672948.0",
				"Weighted Average Shs Out (Dil)": "237672948.0",
				"Dividend per Share": "1.92",
				"Gross Margin": "0.8305",
				"EBITDA Margin": "0.948",
				"EBIT Margin": "0.9111",
				"Profit Margin": "0.612",
				"Free Cash Flow margin": "0.8688",
				"EBITDA": "697685000.0",
				"EBIT": "670453000.0",
				"Consolidated Income": "452183000.0",
				"Earnings Before Tax Margin": "0.6358",
				"Net Profit Margin": "0.6125"
			},
			{
				"date": "2014-12-31",
				"Revenue": "702875000.0",
				"Revenue Growth": "0.2791",
				"Cost of Revenue": "117732000.0",
				"Gross Profit": "585143000.0",
				"R&D Expenses": "0.0",
				"SG&A Expense": "169661000.0",
				"Operating Expenses": "205173000.0",
				"Operating Income": "379970000.0",
				"Interest Expense": "161104000.0",
				"Earnings before Tax": "519117000.0",
				"Income Tax Expense": "24096000.0",
				"Net Income - Non-Controlling int": "5517000.0",
				"Net Income - Discontinued ops": "1551000.0",
				"Net Income": "495021000.0",
				"Preferred Dividends": "0.0",
				"Net Income Com": "495021000.0",
				"EPS": "2.28",
				"EPS Diluted": "2.24",
				"Weighted Average Shs Out": "222402882.0",
				"Weighted Average Shs Out (Dil)": "222402882.0",
				"Dividend per Share": "7.77",
				"Gross Margin": "0.8325",
				"EBITDA Margin": "0.991",
				"EBIT Margin": "0.9678",
				"Profit Margin": "0.704",
				"Free Cash Flow margin": "0.1746",
				"EBITDA": "696843000.0",
				"EBIT": "680221000.0",
				"Consolidated Income": "500538000.0",
				"Earnings Before Tax Margin": "0.7386",
				"Net Profit Margin": "0.7043"
			},
			{
				"date": "2013-12-31",
				"Revenue": "549495000.0",
				"Revenue Growth": "0.7882",
				"Cost of Revenue": "76816000.0",
				"Gross Profit": "472679000.0",
				"R&D Expenses": "0.0",
				"SG&A Expense": "150019000.0",
				"Operating Expenses": "184547000.0",
				"Operating Income": "288132000.0",
				"Interest Expense": "111803000.0",
				"Earnings before Tax": "328888000.0",
				"Income Tax Expense": "23858000.0",
				"Net Income - Non-Controlling int": "5300000.0",
				"Net Income - Discontinued ops": "19794000.0",
				"Net Income": "305030000.0",
				"Preferred Dividends": "0.0",
				"Net Income Com": "305030000.0",
				"EPS": "1.82",
				"EPS Diluted": "1.82",
				"Weighted Average Shs Out": "195261425.0",
				"Weighted Average Shs Out (Dil)": "195261425.0",
				"Dividend per Share": "1.46",
				"Gross Margin": "0.8602",
				"EBITDA Margin": "0.829",
				"EBIT Margin": "0.802",
				"Profit Margin": "0.555",
				"Free Cash Flow margin": "-0.5499",
				"EBITDA": "455616000.0",
				"EBIT": "440691000.0",
				"Consolidated Income": "310330000.0",
				"Earnings Before Tax Margin": "0.5985",
				"Net Profit Margin": "0.5551"
			},
			{
				"date": "2012-12-31",
				"Revenue": "307294000.0",
				"Revenue Growth": "0.4885",
				"Cost of Revenue": "57286000.0",
				"Gross Profit": "250008000.0",
				"R&D Expenses": "0.0",
				"SG&A Expense": "11663000.0",
				"Operating Expenses": "17350000.0",
				"Operating Income": "232658000.0",
				"Interest Expense": "47125000.0",
				"Earnings before Tax": "202066000.0",
				"Income Tax Expense": "871000.0",
				"Net Income - Non-Controlling int": "2487000.0",
				"Net Income - Discontinued ops": "2005000.0",
				"Net Income": "201195000.0",
				"Preferred Dividends": "0.0",
				"Net Income Com": "201195000.0",
				"EPS": "1.76",
				"EPS Diluted": "1.76",
				"Weighted Average Shs Out": "135290351.0",
				"Weighted Average Shs Out (Dil)": "135290351.0",
				"Dividend per Share": "1.13",
				"Gross Margin": "0.8136",
				"EBITDA Margin": "0.811",
				"EBIT Margin": "0.8109",
				"Profit Margin": "0.655",
				"Free Cash Flow margin": "0.3188",
				"EBITDA": "249191000.0",
				"EBIT": "249191000.0",
				"Consolidated Income": "203682000.0",
				"Earnings Before Tax Margin": "0.6576",
				"Net Profit Margin": "0.6547"
			},
			{
				"date": "2011-12-31",
				"Revenue": "206452000.0",
				"Revenue Growth": "1.6558",
				"Cost of Revenue": "39182000.0",
				"Gross Profit": "167270000.0",
				"R&D Expenses": "0.0",
				"SG&A Expense": "8795000.0",
				"Operating Expenses": "12456000.0",
				"Operating Income": "154814000.0",
				"Interest Expense": "28782000.0",
				"Earnings before Tax": "120167000.0",
				"Income Tax Expense": "790000.0",
				"Net Income - Non-Controlling int": "1231000.0",
				"Net Income - Discontinued ops": "0.0",
				"Net Income": "119377000.0",
				"Preferred Dividends": "0.0",
				"Net Income Com": "119377000.0",
				"EPS": "1.38",
				"EPS Diluted": "1.38",
				"Weighted Average Shs Out": "93009460.0",
				"Weighted Average Shs Out (Dil)": "93009460.0",
				"Dividend per Share": "1.39",
				"Gross Margin": "0.8102",
				"EBITDA Margin": "0.721",
				"EBIT Margin": "0.7215",
				"Profit Margin": "0.578",
				"Free Cash Flow margin": "0.3846",
				"EBITDA": "148949000.0",
				"EBIT": "148949000.0",
				"Consolidated Income": "120608000.0",
				"Earnings Before Tax Margin": "0.5821",
				"Net Profit Margin": "0.5782"
			},
			{
				"date": "2010-12-31",
				"Revenue": "77736000.0",
				"Revenue Growth": "",
				"Cost of Revenue": "22775000.0",
				"Gross Profit": "54961000.0",
				"R&D Expenses": "0.0",
				"SG&A Expense": "6899000.0",
				"Operating Expenses": "7277000.0",
				"Operating Income": "47684000.0",
				"Interest Expense": "0.0",
				"Earnings before Tax": "57472000.0",
				"Income Tax Expense": "426000.0",
				"Net Income - Non-Controlling int": "1796000.0",
				"Net Income - Discontinued ops": "0.0",
				"Net Income": "57046000.0",
				"Preferred Dividends": "0.0",
				"Net Income Com": "57046000.0",
				"EPS": "1.16",
				"EPS Diluted": "1.14",
				"Weighted Average Shs Out": "47934884.0",
				"Weighted Average Shs Out (Dil)": "49138720.0",
				"Dividend per Share": "1.37",
				"Gross Margin": "0.707",
				"EBITDA Margin": "0.739",
				"EBIT Margin": "0.7393",
				"Profit Margin": "0.734",
				"Free Cash Flow margin": "-1.2822",
				"EBITDA": "57472000.0",
				"EBIT": "57472000.0",
				"Consolidated Income": "58842000.0",
				"Earnings Before Tax Margin": "0.7393",
				"Net Profit Margin": "0.7338"
			}
		]
	},
	{
		"symbol": "CLNY",
		"financials": [
			{
				"date": "2018-12-31",
				"Revenue": "2665276000.0",
				"Revenue Growth": "-0.047",
				"Cost of Revenue": "1301079000.0",
				"Gross Profit": "1364197000.0",
				"R&D Expenses": "0.0",
				"SG&A Expense": "334219000.0",
				"Operating Expenses": "1552997000.0",
				"Operating Income": "-188800000.0",
				"Interest Expense": "595551000.0",
				"Earnings before Tax": "-579388000.0",
				"Income Tax Expense": "-59781000.0",
				"Net Income - Non-Controlling int": "24432000.0",
				"Net Income - Discontinued ops": "102000.0",
				"Net Income": "-519607000.0",
				"Preferred Dividends": "113102000.0",
				"Net Income Com": "-632709000.0",
				"EPS": "-1.28",
				"EPS Diluted": "-1.28",
				"Weighted Average Shs Out": "491045370.0",
				"Weighted Average Shs Out (Dil)": "496993000.0",
				"Dividend per Share": "0.44",
				"Gross Margin": "0.5118",
				"EBITDA Margin": "0.221",
				"EBIT Margin": "0.0061",
				"Profit Margin": "-0.237",
				"Free Cash Flow margin": "0.0082",
				"EBITDA": "588569000.0",
				"EBIT": "16163000.0",
				"Consolidated Income": "-495175000.0",
				"Earnings Before Tax Margin": "-0.2174",
				"Net Profit Margin": "-0.195"
			},
			{
				"date": "2017-12-31",
				"Revenue": "2796734000.0",
				"Revenue Growth": "0.0",
				"Cost of Revenue": "1181106000.0",
				"Gross Profit": "1615628000.0",
				"R&D Expenses": "0.0",
				"SG&A Expense": "457867000.0",
				"Operating Expenses": "1614080000.0",
				"Operating Income": "1548000.0",
				"Interest Expense": "574822000.0",
				"Earnings before Tax": "-296290000.0",
				"Income Tax Expense": "-98399000.0",
				"Net Income - Non-Controlling int": "133278000.0",
				"Net Income - Discontinued ops": "-13555000.0",
				"Net Income": "-197891000.0",
				"Preferred Dividends": "135202000.0",
				"Net Income Com": "-333093000.0",
				"EPS": "-0.64",
				"EPS Diluted": "-0.64",
				"Weighted Average Shs Out": "546268267.0",
				"Weighted Average Shs Out (Dil)": "532600000.0",
				"Dividend per Share": "2.24",
				"Gross Margin": "0.5777",
				"EBITDA Margin": "0.32",
				"EBIT Margin": "0.0996",
				"Profit Margin": "-0.119",
				"Free Cash Flow margin": "0.3094",
				"EBITDA": "896311000.0",
				"EBIT": "278532000.0",
				"Consolidated Income": "-64613000.0",
				"Earnings Before Tax Margin": "-0.1059",
				"Net Profit Margin": "-0.0708"
			},
			{
				"date": "2016-12-31",
				"Revenue": "838857000.0",
				"Revenue Growth": "0.9243",
				"Cost of Revenue": "142127000.0",
				"Gross Profit": "696730000.0",
				"R&D Expenses": "0.0",
				"SG&A Expense": "162637000.0",
				"Operating Expenses": "422546000.0",
				"Operating Income": "274184000.0",
				"Interest Expense": "170083000.0",
				"Earnings before Tax": "120100000.0",
				"Income Tax Expense": "4782000.0",
				"Net Income - Non-Controlling int": "175408000.0",
				"Net Income - Discontinued ops": "0.0",
				"Net Income": "115318000.0",
				"Preferred Dividends": "48159000.0",
				"Net Income Com": "67159000.0",
				"EPS": "0.39",
				"EPS Diluted": "0.39",
				"Weighted Average Shs Out": "563489007.0",
				"Weighted Average Shs Out (Dil)": "164570000.0",
				"Dividend per Share": "0.4",
				"Gross Margin": "0.7676",
				"EBITDA Margin": "0.551",
				"EBIT Margin": "0.3459",
				"Profit Margin": "0.08",
				"Free Cash Flow margin": "0.3515",
				"EBITDA": "461865000.0",
				"EBIT": "290183000.0",
				"Consolidated Income": "290726000.0",
				"Earnings Before Tax Margin": "0.2336",
				"Net Profit Margin": "0.1374"
			},
			{
				"date": "2015-12-31",
				"Revenue": "794371000.0",
				"Revenue Growth": "-0.554",
				"Cost of Revenue": "117713000.0",
				"Gross Profit": "676658000.0",
				"R&D Expenses": "0.0",
				"SG&A Expense": "122744000.0",
				"Operating Expenses": "389707000.0",
				"Operating Income": "286951000.0",
				"Interest Expense": "133094000.0",
				"Earnings before Tax": "140684000.0",
				"Income Tax Expense": "-9296000.0",
				"Net Income - Non-Controlling int": "106056000.0",
				"Net Income - Discontinued ops": "0.0",
				"Net Income": "149980000.0",
				"Preferred Dividends": "42569000.0",
				"Net Income Com": "107411000.0",
				"EPS": "0.65",
				"EPS Diluted": "0.65",
				"Weighted Average Shs Out": "190000000.0",
				"Weighted Average Shs Out (Dil)": "162658000.0",
				"Dividend per Share": "0.4",
				"Gross Margin": "0.8518",
				"EBITDA Margin": "0.522",
				"EBIT Margin": "0.6279",
				"Profit Margin": "0.135",
				"Free Cash Flow margin": "-0.857",
				"EBITDA": "414755000.0",
				"EBIT": "273778000.0",
				"Consolidated Income": "256036000.0",
				"Earnings Before Tax Margin": "0.1771",
				"Net Profit Margin": "0.344"
			},
			{
				"date": "2014-12-31",
				"Revenue": "977639000.0",
				"Revenue Growth": "0.0",
				"Cost of Revenue": "318477000.0",
				"Gross Profit": "659162000.0",
				"R&D Expenses": "0.0",
				"SG&A Expense": "59366000.0",
				"Operating Expenses": "511916000.0",
				"Operating Income": "147246000.0",
				"Interest Expense": "231894000.0",
				"Earnings before Tax": "-281601000.0",
				"Income Tax Expense": "16606000.0",
				"Net Income - Non-Controlling int": "-22879000.0",
				"Net Income - Discontinued ops": "44701000.0",
				"Net Income": "-298207000.0",
				"Preferred Dividends": "73300000.0",
				"Net Income Com": "-371507000.0",
				"EPS": "-3.79",
				"EPS Diluted": "-3.79",
				"Weighted Average Shs Out": "",
				"Weighted Average Shs Out (Dil)": "98035886.0",
				"Dividend per Share": "0.1",
				"Gross Margin": "0.6742",
				"EBITDA Margin": "0.139",
				"EBIT Margin": "-0.0508",
				"Profit Margin": "-0.38",
				"Free Cash Flow margin": "0.1093",
				"EBITDA": "135515000.0",
				"EBIT": "-49707000.0",
				"Consolidated Income": "-321086000.0",
				"Earnings Before Tax Margin": "-0.288",
				"Net Profit Margin": "-0.305"
			},
			{
				"date": "2013-12-31",
				"Revenue": "",
				"Revenue Growth": "",
				"Cost of Revenue": "",
				"Gross Profit": "154111000.0",
				"R&D Expenses": "",
				"SG&A Expense": "",
				"Operating Expenses": "9665000.0",
				"Operating Income": "144446000.0",
				"Interest Expense": "18838000.0",
				"Earnings before Tax": "",
				"Income Tax Expense": "",
				"Net Income - Non-Controlling int": "24158000.0",
				"Net Income - Discontinued ops": "0.0",
				"Net Income": "",
				"Preferred Dividends": "21420000.0",
				"Net Income Com": "",
				"EPS": "",
				"EPS Diluted": "",
				"Weighted Average Shs Out": "",
				"Weighted Average Shs Out (Dil)": "66182000.0",
				"Dividend per Share": "1.4",
				"Gross Margin": "",
				"EBITDA Margin": "0.661",
				"EBIT Margin": "",
				"Profit Margin": "0.437",
				"Free Cash Flow margin": "",
				"EBITDA": "",
				"EBIT": "121262000.0",
				"Consolidated Income": "",
				"Earnings Before Tax Margin": "",
				"Net Profit Margin": ""
			},
			{
				"date": "2012-12-31",
				"Revenue": "",
				"Revenue Growth": "",
				"Cost of Revenue": "",
				"Gross Profit": "86004000.0",
				"R&D Expenses": "",
				"SG&A Expense": "",
				"Operating Expenses": "6346000.0",
				"Operating Income": "79658000.0",
				"Interest Expense": "8248000.0",
				"Earnings before Tax": "",
				"Income Tax Expense": "",
				"Net Income - Non-Controlling int": "6194000.0",
				"Net Income - Discontinued ops": "0.0",
				"Net Income": "",
				"Preferred Dividends": "13915000.0",
				"Net Income Com": "",
				"EPS": "",
				"EPS Diluted": "",
				"Weighted Average Shs Out": "",
				"Weighted Average Shs Out (Dil)": "35926000.0",
				"Dividend per Share": "1.79",
				"Gross Margin": "",
				"EBITDA Margin": "0.671",
				"EBIT Margin": "",
				"Profit Margin": "0.445",
				"Free Cash Flow margin": "",
				"EBITDA": "",
				"EBIT": "72424000.0",
				"Consolidated Income": "",
				"Earnings Before Tax Margin": "",
				"Net Profit Margin": ""
			},
			{
				"date": "2011-12-31",
				"Revenue": "",
				"Revenue Growth": "",
				"Cost of Revenue": "",
				"Gross Profit": "54199000.0",
				"R&D Expenses": "",
				"SG&A Expense": "",
				"Operating Expenses": "5780000.0",
				"Operating Income": "48419000.0",
				"Interest Expense": "3011000.0",
				"Earnings before Tax": "",
				"Income Tax Expense": "",
				"Net Income - Non-Controlling int": "1104000.0",
				"Net Income - Discontinued ops": "0.0",
				"Net Income": "",
				"Preferred Dividends": "0.0",
				"Net Income Com": "",
				"EPS": "",
				"EPS Diluted": "",
				"Weighted Average Shs Out": "",
				"Weighted Average Shs Out (Dil)": "28732200.0",
				"Dividend per Share": "1.31",
				"Gross Margin": "",
				"EBITDA Margin": "0.71",
				"EBIT Margin": "",
				"Profit Margin": "0.645",
				"Free Cash Flow margin": "",
				"EBITDA": "",
				"EBIT": "46462000.0",
				"Consolidated Income": "",
				"Earnings Before Tax Margin": "",
				"Net Profit Margin": ""
			},
			{
				"date": "2010-12-31",
				"Revenue": "",
				"Revenue Growth": "",
				"Cost of Revenue": "",
				"Gross Profit": "23441000.0",
				"R&D Expenses": "",
				"SG&A Expense": "",
				"Operating Expenses": "5343000.0",
				"Operating Income": "18098000.0",
				"Interest Expense": "555000.0",
				"Earnings before Tax": "",
				"Income Tax Expense": "",
				"Net Income - Non-Controlling int": "23000.0",
				"Net Income - Discontinued ops": "0.0",
				"Net Income": "",
				"Preferred Dividends": "0.0",
				"Net Income Com": "",
				"EPS": "",
				"EPS Diluted": "",
				"Weighted Average Shs Out": "",
				"Weighted Average Shs Out (Dil)": "14716200.0",
				"Dividend per Share": "0.97",
				"Gross Margin": "",
				"EBITDA Margin": "0.676",
				"EBIT Margin": "",
				"Profit Margin": "0.647",
				"Free Cash Flow margin": "",
				"EBITDA": "",
				"EBIT": "18529000.0",
				"Consolidated Income": "",
				"Earnings Before Tax Margin": "",
				"Net Profit Margin": ""
			}
		]
	},
	{
		"symbol": "WSR",
		"financials": [
			{
				"date": "2018-12-31",
				"Revenue": "119863000.0",
				"Revenue Growth": "-0.0484",
				"Cost of Revenue": "37431000.0",
				"Gross Profit": "82432000.0",
				"R&D Expenses": "0.0",
				"SG&A Expense": "23281000.0",
				"Operating Expenses": "44413000.0",
				"Operating Income": "38019000.0",
				"Interest Expense": "25177000.0",
				"Earnings before Tax": "21778000.0",
				"Income Tax Expense": "347000.0",
				"Net Income - Non-Controlling int": "550000.0",
				"Net Income - Discontinued ops": "0.0",
				"Net Income": "21431000.0",
				"Preferred Dividends": "0.0",
				"Net Income Com": "21431000.0",
				"EPS": "0.54",
				"EPS Diluted": "0.52",
				"Weighted Average Shs Out": "39773002.0",
				"Weighted Average Shs Out (Dil)": "39274000.0",
				"Dividend per Share": "1.14",
				"Gross Margin": "0.6877",
				"EBITDA Margin": "0.606",
				"EBIT Margin": "0.3917",
				"Profit Margin": "0.179",
				"Free Cash Flow margin": "0.3378",
				"EBITDA": "72634000.0",
				"EBIT": "46955000.0",
				"Consolidated Income": "21981000.0",
				"Earnings Before Tax Margin": "0.1817",
				"Net Profit Margin": "0.1788"
			},
			{
				"date": "2017-12-31",
				"Revenue": "125959000.0",
				"Revenue Growth": "0.2061",
				"Cost of Revenue": "42110000.0",
				"Gross Profit": "83849000.0",
				"R&D Expenses": "0.0",
				"SG&A Expense": "23949000.0",
				"Operating Expenses": "51356000.0",
				"Operating Income": "32493000.0",
				"Interest Expense": "23651000.0",
				"Earnings before Tax": "8720000.0",
				"Income Tax Expense": "386000.0",
				"Net Income - Non-Controlling int": "254000.0",
				"Net Income - Discontinued ops": "0.0",
				"Net Income": "8334000.0",
				"Preferred Dividends": "0.0",
				"Net Income Com": "8334000.0",
				"EPS": "0.22",
				"EPS Diluted": "0.22",
				"Weighted Average Shs Out": "38486707.0",
				"Weighted Average Shs Out (Dil)": "35428000.0",
				"Dividend per Share": "1.14",
				"Gross Margin": "0.6657",
				"EBITDA Margin": "0.473",
				"EBIT Margin": "0.257",
				"Profit Margin": "0.066",
				"Free Cash Flow margin": "0.1893",
				"EBITDA": "59611000.0",
				"EBIT": "32371000.0",
				"Consolidated Income": "8588000.0",
				"Earnings Before Tax Margin": "0.0692",
				"Net Profit Margin": "0.0662"
			},
			{
				"date": "2016-12-31",
				"Revenue": "104437000.0",
				"Revenue Growth": "0.118",
				"Cost of Revenue": "34092000.0",
				"Gross Profit": "70345000.0",
				"R&D Expenses": "0.0",
				"SG&A Expense": "23922000.0",
				"Operating Expenses": "43118000.0",
				"Operating Income": "27227000.0",
				"Interest Expense": "19239000.0",
				"Earnings before Tax": "8220000.0",
				"Income Tax Expense": "289000.0",
				"Net Income - Non-Controlling int": "182000.0",
				"Net Income - Discontinued ops": "0.0",
				"Net Income": "7931000.0",
				"Preferred Dividends": "0.0",
				"Net Income Com": "7931000.0",
				"EPS": "0.26",
				"EPS Diluted": "0.26",
				"Weighted Average Shs Out": "29252918.0",
				"Weighted Average Shs Out (Dil)": "27618000.0",
				"Dividend per Share": "1.235",
				"Gross Margin": "0.6736",
				"EBITDA Margin": "0.478",
				"EBIT Margin": "0.2629",
				"Profit Margin": "0.076",
				"Free Cash Flow margin": "0.2443",
				"EBITDA": "49916000.0",
				"EBIT": "27459000.0",
				"Consolidated Income": "8113000.0",
				"Earnings Before Tax Margin": "0.0787",
				"Net Profit Margin": "0.0759"
			},
			{
				"date": "2015-12-31",
				"Revenue": "93416000.0",
				"Revenue Growth": "0.2906",
				"Cost of Revenue": "31335000.0",
				"Gross Profit": "62081000.0",
				"R&D Expenses": "0.0",
				"SG&A Expense": "20312000.0",
				"Operating Expenses": "40258000.0",
				"Operating Income": "21823000.0",
				"Interest Expense": "14910000.0",
				"Earnings before Tax": "7121000.0",
				"Income Tax Expense": "372000.0",
				"Net Income - Non-Controlling int": "116000.0",
				"Net Income - Discontinued ops": "-22000.0",
				"Net Income": "6749000.0",
				"Preferred Dividends": "0.0",
				"Net Income Com": "6749000.0",
				"EPS": "0.25",
				"EPS Diluted": "0.24",
				"Weighted Average Shs Out": "26985799.0",
				"Weighted Average Shs Out (Dil)": "24631000.0",
				"Dividend per Share": "1.14",
				"Gross Margin": "0.6646",
				"EBITDA Margin": "0.447",
				"EBIT Margin": "0.2358",
				"Profit Margin": "0.072",
				"Free Cash Flow margin": "0.251",
				"EBITDA": "41792000.0",
				"EBIT": "22031000.0",
				"Consolidated Income": "6865000.0",
				"Earnings Before Tax Margin": "0.0762",
				"Net Profit Margin": "0.0722"
			},
			{
				"date": "2014-12-31",
				"Revenue": "72382000.0",
				"Revenue Growth": "0.1966",
				"Cost of Revenue": "25152000.0",
				"Gross Profit": "47230000.0",
				"R&D Expenses": "0.0",
				"SG&A Expense": "15274000.0",
				"Operating Expenses": "29223000.0",
				"Operating Income": "18007000.0",
				"Interest Expense": "10579000.0",
				"Earnings before Tax": "7868000.0",
				"Income Tax Expense": "282000.0",
				"Net Income - Non-Controlling int": "160000.0",
				"Net Income - Discontinued ops": "-2397000.0",
				"Net Income": "7586000.0",
				"Preferred Dividends": "0.0",
				"Net Income Com": "7586000.0",
				"EPS": "0.33",
				"EPS Diluted": "0.32",
				"Weighted Average Shs Out": "22830697.0",
				"Weighted Average Shs Out (Dil)": "22278000.0",
				"Dividend per Share": "1.185",
				"Gross Margin": "0.6525",
				"EBITDA Margin": "0.472",
				"EBIT Margin": "0.2549",
				"Profit Margin": "0.105",
				"Free Cash Flow margin": "0.2191",
				"EBITDA": "34172000.0",
				"EBIT": "18447000.0",
				"Consolidated Income": "7746000.0",
				"Earnings Before Tax Margin": "0.1087",
				"Net Profit Margin": "0.1048"
			},
			{
				"date": "2013-12-31",
				"Revenue": "60492000.0",
				"Revenue Growth": "0.3444",
				"Cost of Revenue": "22678000.0",
				"Gross Profit": "37814000.0",
				"R&D Expenses": "0.0",
				"SG&A Expense": "10912000.0",
				"Operating Expenses": "24061000.0",
				"Operating Income": "13753000.0",
				"Interest Expense": "9975000.0",
				"Earnings before Tax": "4087000.0",
				"Income Tax Expense": "293000.0",
				"Net Income - Non-Controlling int": "125000.0",
				"Net Income - Discontinued ops": "-298000.0",
				"Net Income": "3794000.0",
				"Preferred Dividends": "0.0",
				"Net Income Com": "3794000.0",
				"EPS": "0.21",
				"EPS Diluted": "0.2",
				"Weighted Average Shs Out": "21942702.0",
				"Weighted Average Shs Out (Dil)": "18027000.0",
				"Dividend per Share": "1.195",
				"Gross Margin": "0.6251",
				"EBITDA Margin": "0.449",
				"EBIT Margin": "0.2325",
				"Profit Margin": "0.063",
				"Free Cash Flow margin": "0.2825",
				"EBITDA": "27162000.0",
				"EBIT": "14062000.0",
				"Consolidated Income": "3919000.0",
				"Earnings Before Tax Margin": "0.0676",
				"Net Profit Margin": "0.0627"
			},
			{
				"date": "2012-12-31",
				"Revenue": "44994000.0",
				"Revenue Growth": "0.2887",
				"Cost of Revenue": "16842000.0",
				"Gross Profit": "28152000.0",
				"R&D Expenses": "0.0",
				"SG&A Expense": "7616000.0",
				"Operating Expenses": "19779000.0",
				"Operating Income": "8373000.0",
				"Interest Expense": "8553000.0",
				"Earnings before Tax": "325000.0",
				"Income Tax Expense": "275000.0",
				"Net Income - Non-Controlling int": "3000.0",
				"Net Income - Discontinued ops": "-218000.0",
				"Net Income": "50000.0",
				"Preferred Dividends": "0.0",
				"Net Income Com": "50000.0",
				"EPS": "0.0",
				"EPS Diluted": "0.0",
				"Weighted Average Shs Out": "16844880.0",
				"Weighted Average Shs Out (Dil)": "13496000.0",
				"Dividend per Share": "1.2",
				"Gross Margin": "0.6257",
				"EBITDA Margin": "0.417",
				"EBIT Margin": "0.1973",
				"Profit Margin": "0.001",
				"Free Cash Flow margin": "-0.0013",
				"EBITDA": "18767000.0",
				"EBIT": "8878000.0",
				"Consolidated Income": "53000.0",
				"Earnings Before Tax Margin": "0.0072",
				"Net Profit Margin": "0.0011"
			},
			{
				"date": "2011-12-31",
				"Revenue": "34915000.0",
				"Revenue Growth": "0.1073",
				"Cost of Revenue": "13327000.0",
				"Gross Profit": "21588000.0",
				"R&D Expenses": "0.0",
				"SG&A Expense": "6648000.0",
				"Operating Expenses": "14543000.0",
				"Operating Income": "7045000.0",
				"Interest Expense": "6344000.0",
				"Earnings before Tax": "1348000.0",
				"Income Tax Expense": "225000.0",
				"Net Income - Non-Controlling int": "210000.0",
				"Net Income - Discontinued ops": "0.0",
				"Net Income": "1123000.0",
				"Preferred Dividends": "0.0",
				"Net Income Com": "1123000.0",
				"EPS": "0.12",
				"EPS Diluted": "0.12",
				"Weighted Average Shs Out": "11436612.0",
				"Weighted Average Shs Out (Dil)": "9028000.0",
				"Dividend per Share": "1.2",
				"Gross Margin": "0.6183",
				"EBITDA Margin": "0.442",
				"EBIT Margin": "0.2203",
				"Profit Margin": "0.032",
				"Free Cash Flow margin": "0.0702",
				"EBITDA": "15441000.0",
				"EBIT": "7692000.0",
				"Consolidated Income": "1333000.0",
				"Earnings Before Tax Margin": "0.0386",
				"Net Profit Margin": "0.0322"
			},
			{
				"date": "2010-12-31",
				"Revenue": "31533000.0",
				"Revenue Growth": "-0.0352",
				"Cost of Revenue": "12283000.0",
				"Gross Profit": "19250000.0",
				"R&D Expenses": "0.0",
				"SG&A Expense": "4992000.0",
				"Operating Expenses": "11399000.0",
				"Operating Income": "7851000.0",
				"Interest Expense": "6040000.0",
				"Earnings before Tax": "1369000.0",
				"Income Tax Expense": "264000.0",
				"Net Income - Non-Controlling int": "470000.0",
				"Net Income - Discontinued ops": "0.0",
				"Net Income": "1105000.0",
				"Preferred Dividends": "0.0",
				"Net Income Com": "1105000.0",
				"EPS": "0.27",
				"EPS Diluted": "0.27",
				"Weighted Average Shs Out": "5671201.0",
				"Weighted Average Shs Out (Dil)": "4012000.0",
				"Dividend per Share": "0.5",
				"Gross Margin": "0.6105",
				"EBITDA Margin": "0.451",
				"EBIT Margin": "0.235",
				"Profit Margin": "0.035",
				"Free Cash Flow margin": "0.1983",
				"EBITDA": "14214000.0",
				"EBIT": "7409000.0",
				"Consolidated Income": "1575000.0",
				"Earnings Before Tax Margin": "0.0434",
				"Net Profit Margin": "0.035"
			},
			{
				"date": "2009-12-31",
				"Revenue": "32685000.0",
				"Revenue Growth": "0.0476",
				"Cost of Revenue": "12991000.0",
				"Gross Profit": "19694000.0",
				"R&D Expenses": "0.0",
				"SG&A Expense": "6072000.0",
				"Operating Expenses": "11684000.0",
				"Operating Income": "8010000.0",
				"Interest Expense": "5749000.0",
				"Earnings before Tax": "1564000.0",
				"Income Tax Expense": "222000.0",
				"Net Income - Non-Controlling int": "733000.0",
				"Net Income - Discontinued ops": "0.0",
				"Net Income": "1342000.0",
				"Preferred Dividends": "0.0",
				"Net Income Com": "1342000.0",
				"EPS": "0.41",
				"EPS Diluted": "0.4",
				"Weighted Average Shs Out": "3445766.0",
				"Weighted Average Shs Out (Dil)": "3236000.0",
				"Dividend per Share": "0.0",
				"Gross Margin": "0.6025",
				"EBITDA Margin": "0.423",
				"EBIT Margin": "0.2237",
				"Profit Margin": "0.041",
				"Free Cash Flow margin": "0.1618",
				"EBITDA": "13831000.0",
				"EBIT": "7313000.0",
				"Consolidated Income": "2075000.0",
				"Earnings Before Tax Margin": "0.0479",
				"Net Profit Margin": "0.0411"
			}
		]
	},
	{
		"symbol": "CIO",
		"financials": [
			{
				"date": "2018-12-31",
				"Revenue": "129484000.0",
				"Revenue Growth": "0.216",
				"Cost of Revenue": "49872000.0",
				"Gross Profit": "79612000.0",
				"R&D Expenses": "0.0",
				"SG&A Expense": "8137000.0",
				"Operating Expenses": "63986000.0",
				"Operating Income": "15626000.0",
				"Interest Expense": "23937000.0",
				"Earnings before Tax": "38168000.0",
				"Income Tax Expense": "0.0",
				"Net Income - Non-Controlling int": "501000.0",
				"Net Income - Discontinued ops": "0.0",
				"Net Income": "38168000.0",
				"Preferred Dividends": "7420000.0",
				"Net Income Com": "30748000.0",
				"EPS": "0.82",
				"EPS Diluted": "0.82",
				"Weighted Average Shs Out": "39544073.0",
				"Weighted Average Shs Out (Dil)": "37321000.0",
				"Dividend per Share": "0.94",
				"Gross Margin": "0.6148",
				"EBITDA Margin": "0.884",
				"EBIT Margin": "0.4796",
				"Profit Margin": "0.237",
				"Free Cash Flow margin": "-1.8219",
				"EBITDA": "114457000.0",
				"EBIT": "62105000.0",
				"Consolidated Income": "38669000.0",
				"Earnings Before Tax Margin": "0.2948",
				"Net Profit Margin": "0.2948"
			},
			{
				"date": "2017-12-31",
				"Revenue": "106487000.0",
				"Revenue Growth": "0.4696",
				"Cost of Revenue": "42886000.0",
				"Gross Profit": "63601000.0",
				"R&D Expenses": "0.0",
				"SG&A Expense": "6792000.0",
				"Operating Expenses": "48386000.0",
				"Operating Income": "15215000.0",
				"Interest Expense": "20173000.0",
				"Earnings before Tax": "5756000.0",
				"Income Tax Expense": "0.0",
				"Net Income - Non-Controlling int": "3402000.0",
				"Net Income - Discontinued ops": "0.0",
				"Net Income": "5756000.0",
				"Preferred Dividends": "7411000.0",
				"Net Income Com": "-1655000.0",
				"EPS": "-0.05",
				"EPS Diluted": "-0.05",
				"Weighted Average Shs Out": "30262086.0",
				"Weighted Average Shs Out (Dil)": "30198000.0",
				"Dividend per Share": "0.94",
				"Gross Margin": "0.5973",
				"EBITDA Margin": "0.634",
				"EBIT Margin": "0.2435",
				"Profit Margin": "-0.016",
				"Free Cash Flow margin": "-2.0748",
				"EBITDA": "67523000.0",
				"EBIT": "25929000.0",
				"Consolidated Income": "9158000.0",
				"Earnings Before Tax Margin": "0.0541",
				"Net Profit Margin": "0.0541"
			},
			{
				"date": "2016-12-31",
				"Revenue": "72461000.0",
				"Revenue Growth": "0.3162",
				"Cost of Revenue": "28414000.0",
				"Gross Profit": "44047000.0",
				"R&D Expenses": "0.0",
				"SG&A Expense": "6429000.0",
				"Operating Expenses": "44344000.0",
				"Operating Income": "-297000.0",
				"Interest Expense": "14761000.0",
				"Earnings before Tax": "-843000.0",
				"Income Tax Expense": "0.0",
				"Net Income - Non-Controlling int": "1219000.0",
				"Net Income - Discontinued ops": "0.0",
				"Net Income": "-843000.0",
				"Preferred Dividends": "1781000.0",
				"Net Income Com": "-2624000.0",
				"EPS": "-0.13",
				"EPS Diluted": "-0.13",
				"Weighted Average Shs Out": "24382226.0",
				"Weighted Average Shs Out (Dil)": "20460000.0",
				"Dividend per Share": "0.94",
				"Gross Margin": "0.6079",
				"EBITDA Margin": "0.609",
				"EBIT Margin": "0.1921",
				"Profit Margin": "-0.036",
				"Free Cash Flow margin": "-3.292",
				"EBITDA": "44096000.0",
				"EBIT": "13918000.0",
				"Consolidated Income": "376000.0",
				"Earnings Before Tax Margin": "-0.0116",
				"Net Profit Margin": "-0.0116"
			},
			{
				"date": "2015-12-31",
				"Revenue": "55052000.0",
				"Revenue Growth": "0.4921",
				"Cost of Revenue": "21722000.0",
				"Gross Profit": "33330000.0",
				"R&D Expenses": "0.0",
				"SG&A Expense": "3728000.0",
				"Operating Expenses": "28803000.0",
				"Operating Income": "4527000.0",
				"Interest Expense": "11353000.0",
				"Earnings before Tax": "-6591000.0",
				"Income Tax Expense": "0.0",
				"Net Income - Non-Controlling int": "-1076000.0",
				"Net Income - Discontinued ops": "0.0",
				"Net Income": "-6591000.0",
				"Preferred Dividends": "0.0",
				"Net Income Com": "-6591000.0",
				"EPS": "-0.53",
				"EPS Diluted": "-0.53",
				"Weighted Average Shs Out": "12517777.0",
				"Weighted Average Shs Out (Dil)": "12409000.0",
				"Dividend per Share": "0.705",
				"Gross Margin": "0.6054",
				"EBITDA Margin": "0.479",
				"EBIT Margin": "0.0865",
				"Profit Margin": "-0.12",
				"Free Cash Flow margin": "-2.8717",
				"EBITDA": "26386000.0",
				"EBIT": "4762000.0",
				"Consolidated Income": "-7667000.0",
				"Earnings Before Tax Margin": "-0.1197",
				"Net Profit Margin": "-0.1197"
			},
			{
				"date": "2014-12-31",
				"Revenue": "36896000.0",
				"Revenue Growth": "0.8006",
				"Cost of Revenue": "15014000.0",
				"Gross Profit": "21882000.0",
				"R&D Expenses": "0.0",
				"SG&A Expense": "2405000.0",
				"Operating Expenses": "19267000.0",
				"Operating Income": "2615000.0",
				"Interest Expense": "10952000.0",
				"Earnings before Tax": "-5010000.0",
				"Income Tax Expense": "0.0",
				"Net Income - Non-Controlling int": "-1873000.0",
				"Net Income - Discontinued ops": "0.0",
				"Net Income": "-5010000.0",
				"Preferred Dividends": "0.0",
				"Net Income Com": "-5010000.0",
				"EPS": "-0.59",
				"EPS Diluted": "-0.59",
				"Weighted Average Shs Out": "8192915.0",
				"Weighted Average Shs Out (Dil)": "8476000.0",
				"Dividend per Share": "0.653",
				"Gross Margin": "0.5931",
				"EBITDA Margin": "0.56",
				"EBIT Margin": "0.161",
				"Profit Margin": "-0.136",
				"Free Cash Flow margin": "-2.3291",
				"EBITDA": "20671000.0",
				"EBIT": "5942000.0",
				"Consolidated Income": "-4910000.0",
				"Earnings Before Tax Margin": "-0.1358",
				"Net Profit Margin": "-0.1358"
			},
			{
				"date": "2013-12-31",
				"Revenue": "20491000.0",
				"Revenue Growth": "0.7794",
				"Cost of Revenue": "8466000.0",
				"Gross Profit": "12025000.0",
				"R&D Expenses": "0.0",
				"SG&A Expense": "0.0",
				"Operating Expenses": "9254000.0",
				"Operating Income": "2771000.0",
				"Interest Expense": "5368000.0",
				"Earnings before Tax": "-4133000.0",
				"Income Tax Expense": "0.0",
				"Net Income - Non-Controlling int": "-44000.0",
				"Net Income - Discontinued ops": "0.0",
				"Net Income": "-4133000.0",
				"Preferred Dividends": "0.0",
				"Net Income Com": "-4133000.0",
				"EPS": "",
				"EPS Diluted": "",
				"Weighted Average Shs Out": "6582150.0",
				"Weighted Average Shs Out (Dil)": "6582150.0",
				"Dividend per Share": "0.0",
				"Gross Margin": "0.5868",
				"EBITDA Margin": "0.44",
				"EBIT Margin": "0.0603",
				"Profit Margin": "-0.202",
				"Free Cash Flow margin": "-3.3175",
				"EBITDA": "9010000.0",
				"EBIT": "1235000.0",
				"Consolidated Income": "-4177000.0",
				"Earnings Before Tax Margin": "-0.2017",
				"Net Profit Margin": "-0.2017"
			},
			{
				"date": "2012-12-31",
				"Revenue": "11516000.0",
				"Revenue Growth": "",
				"Cost of Revenue": "6049000.0",
				"Gross Profit": "5467000.0",
				"R&D Expenses": "0.0",
				"SG&A Expense": "0.0",
				"Operating Expenses": "4169000.0",
				"Operating Income": "1298000.0",
				"Interest Expense": "3686000.0",
				"Earnings before Tax": "-1595000.0",
				"Income Tax Expense": "0.0",
				"Net Income - Non-Controlling int": "-287000.0",
				"Net Income - Discontinued ops": "0.0",
				"Net Income": "-1595000.0",
				"Preferred Dividends": "0.0",
				"Net Income Com": "-1595000.0",
				"EPS": "",
				"EPS Diluted": "",
				"Weighted Average Shs Out": "",
				"Weighted Average Shs Out (Dil)": "",
				"Dividend per Share": "0.0",
				"Gross Margin": "0.4747",
				"EBITDA Margin": "0.525",
				"EBIT Margin": "0.1816",
				"Profit Margin": "-0.139",
				"Free Cash Flow margin": "-1.0557",
				"EBITDA": "6047000.0",
				"EBIT": "2091000.0",
				"Consolidated Income": "-1882000.0",
				"Earnings Before Tax Margin": "-0.1385",
				"Net Profit Margin": "-0.1385"
			}
		]
	},
	{
		"symbol": "GMRE",
		"financials": [
			{
				"date": "2018-12-31",
				"Revenue": "53192000.0",
				"Revenue Growth": "0.753",
				"Cost of Revenue": "0.0",
				"Gross Profit": "53192000.0",
				"R&D Expenses": "0.0",
				"SG&A Expense": "5537000.0",
				"Operating Expenses": "31331000.0",
				"Operating Income": "21861000.0",
				"Interest Expense": "14975000.0",
				"Earnings before Tax": "13490000.0",
				"Income Tax Expense": "0.0",
				"Net Income - Non-Controlling int": "1071000.0",
				"Net Income - Discontinued ops": "0.0",
				"Net Income": "13490000.0",
				"Preferred Dividends": "5822000.0",
				"Net Income Com": "7668000.0",
				"EPS": "0.35",
				"EPS Diluted": "0.35",
				"Weighted Average Shs Out": "22027122.0",
				"Weighted Average Shs Out (Dil)": "21971000.0",
				"Dividend per Share": "0.8",
				"Gross Margin": "1.0",
				"EBITDA Margin": "0.792",
				"EBIT Margin": "0.5351",
				"Profit Margin": "0.144",
				"Free Cash Flow margin": "-2.3819",
				"EBITDA": "42109000.0",
				"EBIT": "28465000.0",
				"Consolidated Income": "14561000.0",
				"Earnings Before Tax Margin": "0.2536",
				"Net Profit Margin": "0.2536"
			},
			{
				"date": "2017-12-31",
				"Revenue": "30344000.0",
				"Revenue Growth": "2.6955",
				"Cost of Revenue": "0.0",
				"Gross Profit": "30344000.0",
				"R&D Expenses": "0.0",
				"SG&A Expense": "5489000.0",
				"Operating Expenses": "22996000.0",
				"Operating Income": "7348000.0",
				"Interest Expense": "7435000.0",
				"Earnings before Tax": "-38000.0",
				"Income Tax Expense": "0.0",
				"Net Income - Non-Controlling int": "-49000.0",
				"Net Income - Discontinued ops": "0.0",
				"Net Income": "-38000.0",
				"Preferred Dividends": "1714000.0",
				"Net Income Com": "-1752000.0",
				"EPS": "-0.09",
				"EPS Diluted": "-0.09",
				"Weighted Average Shs Out": "21630675.0",
				"Weighted Average Shs Out (Dil)": "19617000.0",
				"Dividend per Share": "0.8",
				"Gross Margin": "1.0",
				"EBITDA Margin": "0.505",
				"EBIT Margin": "0.2438",
				"Profit Margin": "-0.058",
				"Free Cash Flow margin": "-7.9119",
				"EBITDA": "15326000.0",
				"EBIT": "7397000.0",
				"Consolidated Income": "-87000.0",
				"Earnings Before Tax Margin": "-0.0013",
				"Net Profit Margin": "-0.0013"
			},
			{
				"date": "2016-12-31",
				"Revenue": "8211000.0",
				"Revenue Growth": "2.9821",
				"Cost of Revenue": "0.0",
				"Gross Profit": "8211000.0",
				"R&D Expenses": "0.0",
				"SG&A Expense": "4219000.0",
				"Operating Expenses": "10425000.0",
				"Operating Income": "-2214000.0",
				"Interest Expense": "4139000.0",
				"Earnings before Tax": "-6353000.0",
				"Income Tax Expense": "0.0",
				"Net Income - Non-Controlling int": "0.0",
				"Net Income - Discontinued ops": "0.0",
				"Net Income": "-6353000.0",
				"Preferred Dividends": "0.0",
				"Net Income Com": "-6353000.0",
				"EPS": "-0.68",
				"EPS Diluted": "-0.68",
				"Weighted Average Shs Out": "17605675.0",
				"Weighted Average Shs Out (Dil)": "9302000.0",
				"Dividend per Share": "0.4",
				"Gross Margin": "1.0",
				"EBITDA Margin": "0.015",
				"EBIT Margin": "-0.2696",
				"Profit Margin": "-0.774",
				"Free Cash Flow margin": "-18.5924",
				"EBITDA": "121000.0",
				"EBIT": "-2214000.0",
				"Consolidated Income": "-6353000.0",
				"Earnings Before Tax Margin": "-0.7737",
				"Net Profit Margin": "-0.7737"
			},
			{
				"date": "2015-12-31",
				"Revenue": "2062000.0",
				"Revenue Growth": "",
				"Cost of Revenue": "0.0",
				"Gross Profit": "2062000.0",
				"R&D Expenses": "0.0",
				"SG&A Expense": "425000.0",
				"Operating Expenses": "2152000.0",
				"Operating Income": "-90000.0",
				"Interest Expense": "1519000.0",
				"Earnings before Tax": "-1609000.0",
				"Income Tax Expense": "0.0",
				"Net Income - Non-Controlling int": "0.0",
				"Net Income - Discontinued ops": "0.0",
				"Net Income": "-1609000.0",
				"Preferred Dividends": "0.0",
				"Net Income Com": "-1609000.0",
				"EPS": "-6.44",
				"EPS Diluted": "-6.44",
				"Weighted Average Shs Out": "1426656.0",
				"Weighted Average Shs Out (Dil)": "250000.0",
				"Dividend per Share": "0.0",
				"Gross Margin": "1.0",
				"EBITDA Margin": "0.276",
				"EBIT Margin": "-0.0436",
				"Profit Margin": "-0.78",
				"Free Cash Flow margin": "-15.7187",
				"EBITDA": "570000.0",
				"EBIT": "-90000.0",
				"Consolidated Income": "-1609000.0",
				"Earnings Before Tax Margin": "-0.7803",
				"Net Profit Margin": "-0.7803"
			}
		]
	},
	{
		"symbol": "LXP",
		"financials": [
			{
				"date": "2018-12-31",
				"Revenue": "395339000.0",
				"Revenue Growth": "0.0094",
				"Cost of Revenue": "210866000.0",
				"Gross Profit": "184473000.0",
				"R&D Expenses": "0.0",
				"SG&A Expense": "31662000.0",
				"Operating Expenses": "31662000.0",
				"Operating Income": "152811000.0",
				"Interest Expense": "79880000.0",
				"Earnings before Tax": "229143000.0",
				"Income Tax Expense": "1728000.0",
				"Net Income - Non-Controlling int": "3491000.0",
				"Net Income - Discontinued ops": "0.0",
				"Net Income": "227415000.0",
				"Preferred Dividends": "6577000.0",
				"Net Income Com": "220838000.0",
				"EPS": "0.93",
				"EPS Diluted": "0.93",
				"Weighted Average Shs Out": "236274338.0",
				"Weighted Average Shs Out (Dil)": "236666375.0",
				"Dividend per Share": "0.71",
				"Gross Margin": "0.4666",
				"EBITDA Margin": "1.217",
				"EBIT Margin": "0.7817",
				"Profit Margin": "0.559",
				"Free Cash Flow margin": "1.9853",
				"EBITDA": "481111000.0",
				"EBIT": "309023000.0",
				"Consolidated Income": "230906000.0",
				"Earnings Before Tax Margin": "0.5796",
				"Net Profit Margin": "0.5752"
			},
			{
				"date": "2017-12-31",
				"Revenue": "391641000.0",
				"Revenue Growth": "-0.0881",
				"Cost of Revenue": "223162000.0",
				"Gross Profit": "168479000.0",
				"R&D Expenses": "0.0",
				"SG&A Expense": "34158000.0",
				"Operating Expenses": "36208000.0",
				"Operating Income": "132271000.0",
				"Interest Expense": "77883000.0",
				"Earnings before Tax": "87500000.0",
				"Income Tax Expense": "1917000.0",
				"Net Income - Non-Controlling int": "1046000.0",
				"Net Income - Discontinued ops": "0.0",
				"Net Income": "85583000.0",
				"Preferred Dividends": "6516000.0",
				"Net Income Com": "79067000.0",
				"EPS": "0.33",
				"EPS Diluted": "0.33",
				"Weighted Average Shs Out": "240652170.0",
				"Weighted Average Shs Out (Dil)": "237758408.0",
				"Dividend per Share": "0.702",
				"Gross Margin": "0.4302",
				"EBITDA Margin": "0.876",
				"EBIT Margin": "0.4223",
				"Profit Margin": "0.202",
				"Free Cash Flow margin": "-0.5242",
				"EBITDA": "342944000.0",
				"EBIT": "165383000.0",
				"Consolidated Income": "86629000.0",
				"Earnings Before Tax Margin": "0.2234",
				"Net Profit Margin": "0.2185"
			},
			{
				"date": "2016-12-31",
				"Revenue": "429496000.0",
				"Revenue Growth": "-0.0031",
				"Cost of Revenue": "213403000.0",
				"Gross Profit": "216093000.0",
				"R&D Expenses": "0.0",
				"SG&A Expense": "31104000.0",
				"Operating Expenses": "31104000.0",
				"Operating Income": "184989000.0",
				"Interest Expense": "88032000.0",
				"Earnings before Tax": "97063000.0",
				"Income Tax Expense": "1439000.0",
				"Net Income - Non-Controlling int": "826000.0",
				"Net Income - Discontinued ops": "0.0",
				"Net Income": "95624000.0",
				"Preferred Dividends": "6515000.0",
				"Net Income Com": "89109000.0",
				"EPS": "0.38",
				"EPS Diluted": "0.37",
				"Weighted Average Shs Out": "237091561.0",
				"Weighted Average Shs Out (Dil)": "233633058.0",
				"Dividend per Share": "0.69",
				"Gross Margin": "0.5031",
				"EBITDA Margin": "0.827",
				"EBIT Margin": "0.431",
				"Profit Margin": "0.207",
				"Free Cash Flow margin": "0.7112",
				"EBITDA": "355133000.0",
				"EBIT": "185095000.0",
				"Consolidated Income": "96450000.0",
				"Earnings Before Tax Margin": "0.226",
				"Net Profit Margin": "0.2226"
			},
			{
				"date": "2015-12-31",
				"Revenue": "430839000.0",
				"Revenue Growth": "0.0166",
				"Cost of Revenue": "222853000.0",
				"Gross Profit": "207986000.0",
				"R&D Expenses": "0.0",
				"SG&A Expense": "29276000.0",
				"Operating Expenses": "29276000.0",
				"Operating Income": "178710000.0",
				"Interest Expense": "89739000.0",
				"Earnings before Tax": "112271000.0",
				"Income Tax Expense": "568000.0",
				"Net Income - Non-Controlling int": "3188000.0",
				"Net Income - Discontinued ops": "-1682000.0",
				"Net Income": "111703000.0",
				"Preferred Dividends": "6603000.0",
				"Net Income Com": "105100000.0",
				"EPS": "0.45",
				"EPS Diluted": "0.45",
				"Weighted Average Shs Out": "235324074.0",
				"Weighted Average Shs Out (Dil)": "233455056.0",
				"Dividend per Share": "0.68",
				"Gross Margin": "0.4827",
				"EBITDA Margin": "0.857",
				"EBIT Margin": "0.4689",
				"Profit Margin": "0.244",
				"Free Cash Flow margin": "-0.2665",
				"EBITDA": "369196000.0",
				"EBIT": "202010000.0",
				"Consolidated Income": "114891000.0",
				"Earnings Before Tax Margin": "0.2606",
				"Net Profit Margin": "0.2593"
			},
			{
				"date": "2014-12-31",
				"Revenue": "423818000.0",
				"Revenue Growth": "0.1738",
				"Cost of Revenue": "218510000.0",
				"Gross Profit": "205308000.0",
				"R&D Expenses": "0.0",
				"SG&A Expense": "28255000.0",
				"Operating Expenses": "28255000.0",
				"Operating Income": "177053000.0",
				"Interest Expense": "97303000.0",
				"Earnings before Tax": "94213000.0",
				"Income Tax Expense": "1109000.0",
				"Net Income - Non-Controlling int": "4359000.0",
				"Net Income - Discontinued ops": "-49621000.0",
				"Net Income": "93104000.0",
				"Preferred Dividends": "6780000.0",
				"Net Income Com": "86324000.0",
				"EPS": "0.38",
				"EPS Diluted": "0.38",
				"Weighted Average Shs Out": "232229620.0",
				"Weighted Average Shs Out (Dil)": "228966253.0",
				"Dividend per Share": "0.675",
				"Gross Margin": "0.4844",
				"EBITDA Margin": "0.847",
				"EBIT Margin": "0.4519",
				"Profit Margin": "0.204",
				"Free Cash Flow margin": "0.4278",
				"EBITDA": "358805000.0",
				"EBIT": "191516000.0",
				"Consolidated Income": "97463000.0",
				"Earnings Before Tax Margin": "0.2223",
				"Net Profit Margin": "0.2197"
			},
			{
				"date": "2013-12-31",
				"Revenue": "361055000.0",
				"Revenue Growth": "0.2156",
				"Cost of Revenue": "212658000.0",
				"Gross Profit": "148397000.0",
				"R&D Expenses": "0.0",
				"SG&A Expense": "28426000.0",
				"Operating Expenses": "28426000.0",
				"Operating Income": "119971000.0",
				"Interest Expense": "85892000.0",
				"Earnings before Tax": "4807000.0",
				"Income Tax Expense": "3177000.0",
				"Net Income - Non-Controlling int": "2233000.0",
				"Net Income - Discontinued ops": "-24884000.0",
				"Net Income": "1630000.0",
				"Preferred Dividends": "15719000.0",
				"Net Income Com": "-14089000.0",
				"EPS": "-0.07",
				"EPS Diluted": "-0.07",
				"Weighted Average Shs Out": "228353163.0",
				"Weighted Average Shs Out (Dil)": "209797238.0",
				"Dividend per Share": "0.615",
				"Gross Margin": "0.411",
				"EBITDA Margin": "0.76",
				"EBIT Margin": "0.2512",
				"Profit Margin": "-0.039",
				"Free Cash Flow margin": "-0.8879",
				"EBITDA": "274532000.0",
				"EBIT": "90699000.0",
				"Consolidated Income": "3863000.0",
				"Earnings Before Tax Margin": "0.0133",
				"Net Profit Margin": "0.0045"
			},
			{
				"date": "2012-12-31",
				"Revenue": "297008000.0",
				"Revenue Growth": "0.0161",
				"Cost of Revenue": "183672000.0",
				"Gross Profit": "113336000.0",
				"R&D Expenses": "0.0",
				"SG&A Expense": "23689000.0",
				"Operating Expenses": "26464000.0",
				"Operating Income": "86872000.0",
				"Interest Expense": "84250000.0",
				"Earnings before Tax": "181182000.0",
				"Income Tax Expense": "866000.0",
				"Net Income - Non-Controlling int": "4322000.0",
				"Net Income - Discontinued ops": "-465000.0",
				"Net Income": "180316000.0",
				"Preferred Dividends": "23505000.0",
				"Net Income Com": "156811000.0",
				"EPS": "0.99",
				"EPS Diluted": "0.93",
				"Weighted Average Shs Out": "176591477.0",
				"Weighted Average Shs Out (Dil)": "159109424.0",
				"Dividend per Share": "0.55",
				"Gross Margin": "0.3816",
				"EBITDA Margin": "1.473",
				"EBIT Margin": "0.8937",
				"Profit Margin": "0.528",
				"Free Cash Flow margin": "0.1944",
				"EBITDA": "437401000.0",
				"EBIT": "265432000.0",
				"Consolidated Income": "184638000.0",
				"Earnings Before Tax Margin": "0.61",
				"Net Profit Margin": "0.6071"
			},
			{
				"date": "2011-12-31",
				"Revenue": "292298000.0",
				"Revenue Growth": "-0.0427",
				"Cost of Revenue": "200107000.0",
				"Gross Profit": "92191000.0",
				"R&D Expenses": "0.0",
				"SG&A Expense": "22190000.0",
				"Operating Expenses": "22190000.0",
				"Operating Income": "70001000.0",
				"Interest Expense": "101401000.0",
				"Earnings before Tax": "-80466000.0",
				"Income Tax Expense": "-882000.0",
				"Net Income - Non-Controlling int": "-10194000.0",
				"Net Income - Discontinued ops": "87646000.0",
				"Net Income": "-79584000.0",
				"Preferred Dividends": "24137000.0",
				"Net Income Com": "-103721000.0",
				"EPS": "-0.68",
				"EPS Diluted": "-0.68",
				"Weighted Average Shs Out": "154325254.0",
				"Weighted Average Shs Out (Dil)": "152473336.0",
				"Dividend per Share": "0.47",
				"Gross Margin": "0.3154",
				"EBITDA Margin": "0.647",
				"EBIT Margin": "0.0716",
				"Profit Margin": "-0.355",
				"Free Cash Flow margin": "0.6028",
				"EBITDA": "189223000.0",
				"EBIT": "20935000.0",
				"Consolidated Income": "-89778000.0",
				"Earnings Before Tax Margin": "-0.2753",
				"Net Profit Margin": "-0.2723"
			},
			{
				"date": "2010-12-31",
				"Revenue": "305350000.0",
				"Revenue Growth": "-0.0764",
				"Cost of Revenue": "208668000.0",
				"Gross Profit": "96682000.0",
				"R&D Expenses": "0.0",
				"SG&A Expense": "22456000.0",
				"Operating Expenses": "22456000.0",
				"Operating Income": "74226000.0",
				"Interest Expense": "116516000.0",
				"Earnings before Tax": "-31417000.0",
				"Income Tax Expense": "1543000.0",
				"Net Income - Non-Controlling int": "-4450000.0",
				"Net Income - Discontinued ops": "29368000.0",
				"Net Income": "-32960000.0",
				"Preferred Dividends": "25136000.0",
				"Net Income Com": "-58096000.0",
				"EPS": "-0.44",
				"EPS Diluted": "-0.44",
				"Weighted Average Shs Out": "134650918.0",
				"Weighted Average Shs Out (Dil)": "130985809.0",
				"Dividend per Share": "0.415",
				"Gross Margin": "0.3166",
				"EBITDA Margin": "0.843",
				"EBIT Margin": "0.2787",
				"Profit Margin": "-0.19",
				"Free Cash Flow margin": "0.594",
				"EBITDA": "257400000.0",
				"EBIT": "85099000.0",
				"Consolidated Income": "-37410000.0",
				"Earnings Before Tax Margin": "-0.1029",
				"Net Profit Margin": "-0.1079"
			},
			{
				"date": "2009-12-31",
				"Revenue": "330619000.0",
				"Revenue Growth": "-0.1198",
				"Cost of Revenue": "219552000.0",
				"Gross Profit": "111067000.0",
				"R&D Expenses": "0.0",
				"SG&A Expense": "23376000.0",
				"Operating Expenses": "23376000.0",
				"Operating Income": "87691000.0",
				"Interest Expense": "122715000.0",
				"Earnings before Tax": "-207783000.0",
				"Income Tax Expense": "2369000.0",
				"Net Income - Non-Controlling int": "-1120000.0",
				"Net Income - Discontinued ops": "81274000.0",
				"Net Income": "-210152000.0",
				"Preferred Dividends": "32724000.0",
				"Net Income Com": "-242876000.0",
				"EPS": "-2.22",
				"EPS Diluted": "-2.22",
				"Weighted Average Shs Out": "121822924.0",
				"Weighted Average Shs Out (Dil)": "109280955.0",
				"Dividend per Share": "0.154",
				"Gross Margin": "0.3359",
				"EBITDA Margin": "0.303",
				"EBIT Margin": "-0.2573",
				"Profit Margin": "-0.735",
				"Free Cash Flow margin": "0.6876",
				"EBITDA": "100140000.0",
				"EBIT": "-85068000.0",
				"Consolidated Income": "-211272000.0",
				"Earnings Before Tax Margin": "-0.6285",
				"Net Profit Margin": "-0.6356"
			}
		]
	},
	{
		"symbol": "APLE",
		"financials": [
			{
				"date": "2018-12-31",
				"Revenue": "1270555000.0",
				"Revenue Growth": "0.0258",
				"Cost of Revenue": "534496000.0",
				"Gross Profit": "736059000.0",
				"R&D Expenses": "0.0",
				"SG&A Expense": "130128000.0",
				"Operating Expenses": "478353000.0",
				"Operating Income": "257706000.0",
				"Interest Expense": "51185000.0",
				"Earnings before Tax": "206673000.0",
				"Income Tax Expense": "587000.0",
				"Net Income - Non-Controlling int": "0.0",
				"Net Income - Discontinued ops": "0.0",
				"Net Income": "206086000.0",
				"Preferred Dividends": "0.0",
				"Net Income Com": "206086000.0",
				"EPS": "0.9",
				"EPS Diluted": "0.9",
				"Weighted Average Shs Out": "228773774.0",
				"Weighted Average Shs Out (Dil)": "229659000.0",
				"Dividend per Share": "1.3",
				"Gross Margin": "0.5793",
				"EBITDA Margin": "0.347",
				"EBIT Margin": "0.2029",
				"Profit Margin": "0.162",
				"Free Cash Flow margin": "0.2601",
				"EBITDA": "441340000.0",
				"EBIT": "257858000.0",
				"Consolidated Income": "206086000.0",
				"Earnings Before Tax Margin": "0.1627",
				"Net Profit Margin": "0.1622"
			},
			{
				"date": "2017-12-31",
				"Revenue": "1238622000.0",
				"Revenue Growth": "0.1898",
				"Cost of Revenue": "521801000.0",
				"Gross Profit": "716821000.0",
				"R&D Expenses": "0.0",
				"SG&A Expense": "127218000.0",
				"Operating Expenses": "502434000.0",
				"Operating Income": "214387000.0",
				"Interest Expense": "47343000.0",
				"Earnings before Tax": "183339000.0",
				"Income Tax Expense": "847000.0",
				"Net Income - Non-Controlling int": "0.0",
				"Net Income - Discontinued ops": "0.0",
				"Net Income": "182492000.0",
				"Preferred Dividends": "0.0",
				"Net Income Com": "182492000.0",
				"EPS": "0.82",
				"EPS Diluted": "0.82",
				"Weighted Average Shs Out": "223060840.0",
				"Weighted Average Shs Out (Dil)": "223526000.0",
				"Dividend per Share": "1.1",
				"Gross Margin": "0.5787",
				"EBITDA Margin": "0.329",
				"EBIT Margin": "0.1862",
				"Profit Margin": "0.147",
				"Free Cash Flow margin": "0.259",
				"EBITDA": "407181000.0",
				"EBIT": "230682000.0",
				"Consolidated Income": "182492000.0",
				"Earnings Before Tax Margin": "0.148",
				"Net Profit Margin": "0.1473"
			},
			{
				"date": "2016-12-31",
				"Revenue": "1041025000.0",
				"Revenue Growth": "0.1589",
				"Cost of Revenue": "435976000.0",
				"Gross Profit": "605049000.0",
				"R&D Expenses": "0.0",
				"SG&A Expense": "99695000.0",
				"Operating Expenses": "419787000.0",
				"Operating Income": "185262000.0",
				"Interest Expense": "40026000.0",
				"Earnings before Tax": "145083000.0",
				"Income Tax Expense": "431000.0",
				"Net Income - Non-Controlling int": "0.0",
				"Net Income - Discontinued ops": "0.0",
				"Net Income": "144652000.0",
				"Preferred Dividends": "0.0",
				"Net Income Com": "144652000.0",
				"EPS": "0.76",
				"EPS Diluted": "0.76",
				"Weighted Average Shs Out": "223362926.0",
				"Weighted Average Shs Out (Dil)": "190856000.0",
				"Dividend per Share": "1.2",
				"Gross Margin": "0.5812",
				"EBITDA Margin": "0.32",
				"EBIT Margin": "0.1778",
				"Profit Margin": "0.139",
				"Free Cash Flow margin": "0.2556",
				"EBITDA": "333272000.0",
				"EBIT": "185109000.0",
				"Consolidated Income": "144652000.0",
				"Earnings Before Tax Margin": "0.1394",
				"Net Profit Margin": "0.139"
			},
			{
				"date": "2015-12-31",
				"Revenue": "898314000.0",
				"Revenue Growth": "0.1175",
				"Cost of Revenue": "376132000.0",
				"Gross Profit": "522182000.0",
				"R&D Expenses": "0.0",
				"SG&A Expense": "90561000.0",
				"Operating Expenses": "386150000.0",
				"Operating Income": "136032000.0",
				"Interest Expense": "33132000.0",
				"Earnings before Tax": "118186000.0",
				"Income Tax Expense": "898000.0",
				"Net Income - Non-Controlling int": "0.0",
				"Net Income - Discontinued ops": "0.0",
				"Net Income": "117288000.0",
				"Preferred Dividends": "0.0",
				"Net Income Com": "117288000.0",
				"EPS": "0.65",
				"EPS Diluted": "0.65",
				"Weighted Average Shs Out": "174363215.0",
				"Weighted Average Shs Out (Dil)": "180261000.0",
				"Dividend per Share": "0.8",
				"Gross Margin": "0.5813",
				"EBITDA Margin": "0.31",
				"EBIT Margin": "0.1684",
				"Profit Margin": "0.131",
				"Free Cash Flow margin": "0.2436",
				"EBITDA": "278767000.0",
				"EBIT": "151318000.0",
				"Consolidated Income": "117288000.0",
				"Earnings Before Tax Margin": "0.1316",
				"Net Profit Margin": "0.1306"
			},
			{
				"date": "2014-12-31",
				"Revenue": "803896000.0",
				"Revenue Growth": "1.0719",
				"Cost of Revenue": "337608000.0",
				"Gross Profit": "466288000.0",
				"R&D Expenses": "0.0",
				"SG&A Expense": "85469000.0",
				"Operating Expenses": "433963000.0",
				"Operating Income": "32325000.0",
				"Interest Expense": "23523000.0",
				"Earnings before Tax": "8802000.0",
				"Income Tax Expense": "1969000.0",
				"Net Income - Non-Controlling int": "0.0",
				"Net Income - Discontinued ops": "0.0",
				"Net Income": "6833000.0",
				"Preferred Dividends": "0.0",
				"Net Income Com": "6833000.0",
				"EPS": "0.04",
				"EPS Diluted": "0.04",
				"Weighted Average Shs Out": "186910407.0",
				"Weighted Average Shs Out (Dil)": "171489000.0",
				"Dividend per Share": "0.0",
				"Gross Margin": "0.58",
				"EBITDA Margin": "0.181",
				"EBIT Margin": "0.0402",
				"Profit Margin": "0.008",
				"Free Cash Flow margin": "0.2411",
				"EBITDA": "145437000.0",
				"EBIT": "32325000.0",
				"Consolidated Income": "6833000.0",
				"Earnings Before Tax Margin": "0.0109",
				"Net Profit Margin": "0.0085"
			},
			{
				"date": "2013-12-31",
				"Revenue": "387991000.0",
				"Revenue Growth": "0.0613",
				"Cost of Revenue": "163882000.0",
				"Gross Profit": "224109000.0",
				"R&D Expenses": "0.0",
				"SG&A Expense": "39024000.0",
				"Operating Expenses": "141365000.0",
				"Operating Income": "82744000.0",
				"Interest Expense": "8446000.0",
				"Earnings before Tax": "116644000.0",
				"Income Tax Expense": "1422000.0",
				"Net Income - Non-Controlling int": "0.0",
				"Net Income - Discontinued ops": "-33306000.0",
				"Net Income": "115222000.0",
				"Preferred Dividends": "0.0",
				"Net Income Com": "115222000.0",
				"EPS": "1.26",
				"EPS Diluted": "1.26",
				"Weighted Average Shs Out": "91392066.0",
				"Weighted Average Shs Out (Dil)": "91308000.0",
				"Dividend per Share": "0.0",
				"Gross Margin": "0.5776",
				"EBITDA Margin": "0.464",
				"EBIT Margin": "0.3224",
				"Profit Margin": "0.297",
				"Free Cash Flow margin": "0.2955",
				"EBITDA": "179917000.0",
				"EBIT": "125090000.0",
				"Consolidated Income": "115222000.0",
				"Earnings Before Tax Margin": "0.3006",
				"Net Profit Margin": "0.297"
			},
			{
				"date": "2012-12-31",
				"Revenue": "365586000.0",
				"Revenue Growth": "0.1407",
				"Cost of Revenue": "154801000.0",
				"Gross Profit": "210785000.0",
				"R&D Expenses": "0.0",
				"SG&A Expense": "39853000.0",
				"Operating Expenses": "134190000.0",
				"Operating Income": "76595000.0",
				"Interest Expense": "6745000.0",
				"Earnings before Tax": "76642000.0",
				"Income Tax Expense": "1166000.0",
				"Net Income - Non-Controlling int": "0.0",
				"Net Income - Discontinued ops": "-6792000.0",
				"Net Income": "75476000.0",
				"Preferred Dividends": "0.0",
				"Net Income Com": "75476000.0",
				"EPS": "0.82",
				"EPS Diluted": "0.82",
				"Weighted Average Shs Out": "90929489.0",
				"Weighted Average Shs Out (Dil)": "91111000.0",
				"Dividend per Share": "0.0",
				"Gross Margin": "0.5766",
				"EBITDA Margin": "0.372",
				"EBIT Margin": "0.2281",
				"Profit Margin": "0.206",
				"Free Cash Flow margin": "0.6631",
				"EBITDA": "136135000.0",
				"EBIT": "83387000.0",
				"Consolidated Income": "75476000.0",
				"Earnings Before Tax Margin": "0.2096",
				"Net Profit Margin": "0.2065"
			},
			{
				"date": "2011-12-31",
				"Revenue": "320500000.0",
				"Revenue Growth": "1.0014",
				"Cost of Revenue": "114715000.0",
				"Gross Profit": "205785000.0",
				"R&D Expenses": "0.0",
				"SG&A Expense": "60372000.0",
				"Operating Expenses": "150192000.0",
				"Operating Income": "55593000.0",
				"Interest Expense": "4371000.0",
				"Earnings before Tax": "71056000.0",
				"Income Tax Expense": "1068000.0",
				"Net Income - Non-Controlling int": "0.0",
				"Net Income - Discontinued ops": "-19834000.0",
				"Net Income": "69988000.0",
				"Preferred Dividends": "0.0",
				"Net Income Com": "69988000.0",
				"EPS": "0.76",
				"EPS Diluted": "0.76",
				"Weighted Average Shs Out": "91014747.0",
				"Weighted Average Shs Out (Dil)": "91198000.0",
				"Dividend per Share": "0.0",
				"Gross Margin": "0.6421",
				"EBITDA Margin": "0.391",
				"EBIT Margin": "0.2353",
				"Profit Margin": "0.218",
				"Free Cash Flow margin": "0.3173",
				"EBITDA": "125242000.0",
				"EBIT": "75427000.0",
				"Consolidated Income": "69988000.0",
				"Earnings Before Tax Margin": "0.2217",
				"Net Profit Margin": "0.2184"
			},
			{
				"date": "2010-12-31",
				"Revenue": "160135000.0",
				"Revenue Growth": "0.8794",
				"Cost of Revenue": "52421000.0",
				"Gross Profit": "107714000.0",
				"R&D Expenses": "0.0",
				"SG&A Expense": "33098000.0",
				"Operating Expenses": "109386000.0",
				"Operating Income": "-1672000.0",
				"Interest Expense": "931000.0",
				"Earnings before Tax": "16257000.0",
				"Income Tax Expense": "0.0",
				"Net Income - Non-Controlling int": "0.0",
				"Net Income - Discontinued ops": "-18860000.0",
				"Net Income": "16257000.0",
				"Preferred Dividends": "0.0",
				"Net Income Com": "16257000.0",
				"EPS": "0.24",
				"EPS Diluted": "0.24",
				"Weighted Average Shs Out": "84137986.0",
				"Weighted Average Shs Out (Dil)": "67912500.0",
				"Dividend per Share": "0.0",
				"Gross Margin": "0.6726",
				"EBITDA Margin": "0.299",
				"EBIT Margin": "0.1073",
				"Profit Margin": "0.102",
				"Free Cash Flow margin": "0.1163",
				"EBITDA": "47937000.0",
				"EBIT": "17188000.0",
				"Consolidated Income": "16257000.0",
				"Earnings Before Tax Margin": "0.1015",
				"Net Profit Margin": "0.1015"
			},
			{
				"date": "2009-12-31",
				"Revenue": "85206000.0",
				"Revenue Growth": "6.3938",
				"Cost of Revenue": "27699000.0",
				"Gross Profit": "57507000.0",
				"R&D Expenses": "0.0",
				"SG&A Expense": "18698000.0",
				"Operating Expenses": "53676000.0",
				"Operating Income": "3831000.0",
				"Interest Expense": "1018000.0",
				"Earnings before Tax": "16854000.0",
				"Income Tax Expense": "0.0",
				"Net Income - Non-Controlling int": "0.0",
				"Net Income - Discontinued ops": "-14041000.0",
				"Net Income": "16854000.0",
				"Preferred Dividends": "0.0",
				"Net Income Com": "16854000.0",
				"EPS": "0.52",
				"EPS Diluted": "0.52",
				"Weighted Average Shs Out": "43380477.0",
				"Weighted Average Shs Out (Dil)": "33020500.0",
				"Dividend per Share": "0.0",
				"Gross Margin": "0.6749",
				"EBITDA Margin": "0.397",
				"EBIT Margin": "0.2098",
				"Profit Margin": "0.198",
				"Free Cash Flow margin": "0.2042",
				"EBITDA": "33808000.0",
				"EBIT": "17872000.0",
				"Consolidated Income": "16854000.0",
				"Earnings Before Tax Margin": "0.1978",
				"Net Profit Margin": "0.1978"
			}
		]
	},
	{
		"symbol": "SRC",
		"financials": [
			{
				"date": "2018-12-31",
				"Revenue": "445125000.0",
				"Revenue Growth": "0.0322",
				"Cost of Revenue": "21066000.0",
				"Gross Profit": "424059000.0",
				"R&D Expenses": "0.0",
				"SG&A Expense": "52993000.0",
				"Operating Expenses": "222380000.0",
				"Operating Income": "201679000.0",
				"Interest Expense": "97548000.0",
				"Earnings before Tax": "132844000.0",
				"Income Tax Expense": "792000.0",
				"Net Income - Non-Controlling int": "0.0",
				"Net Income - Discontinued ops": "16439000.0",
				"Net Income": "132052000.0",
				"Preferred Dividends": "10352000.0",
				"Net Income Com": "121700000.0",
				"EPS": "1.4",
				"EPS Diluted": "1.39",
				"Weighted Average Shs Out": "85695310.0",
				"Weighted Average Shs Out (Dil)": "86321268.0",
				"Dividend per Share": "7.433",
				"Gross Margin": "0.9527",
				"EBITDA Margin": "0.962",
				"EBIT Margin": "0.5176",
				"Profit Margin": "0.273",
				"Free Cash Flow margin": "0.2717",
				"EBITDA": "428305000.0",
				"EBIT": "230392000.0",
				"Consolidated Income": "132052000.0",
				"Earnings Before Tax Margin": "0.2984",
				"Net Profit Margin": "0.2967"
			},
			{
				"date": "2017-12-31",
				"Revenue": "431258000.0",
				"Revenue Growth": "-0.0094",
				"Cost of Revenue": "28487000.0",
				"Gross Profit": "402771000.0",
				"R&D Expenses": "0.0",
				"SG&A Expense": "54998000.0",
				"Operating Expenses": "291715000.0",
				"Operating Income": "111056000.0",
				"Interest Expense": "113394000.0",
				"Earnings before Tax": "77659000.0",
				"Income Tax Expense": "511000.0",
				"Net Income - Non-Controlling int": "0.0",
				"Net Income - Discontinued ops": "-36720000.0",
				"Net Income": "77148000.0",
				"Preferred Dividends": "2530000.0",
				"Net Income Com": "74618000.0",
				"EPS": "0.79",
				"EPS Diluted": "0.79",
				"Weighted Average Shs Out": "91179415.0",
				"Weighted Average Shs Out (Dil)": "93586991.0",
				"Dividend per Share": "3.6",
				"Gross Margin": "0.9339",
				"EBITDA Margin": "1.037",
				"EBIT Margin": "0.443",
				"Profit Margin": "0.173",
				"Free Cash Flow margin": "1.2532",
				"EBITDA": "447072000.0",
				"EBIT": "191053000.0",
				"Consolidated Income": "77148000.0",
				"Earnings Before Tax Margin": "0.1801",
				"Net Profit Margin": "0.1789"
			},
			{
				"date": "2016-12-31",
				"Revenue": "435340000.0",
				"Revenue Growth": "-0.3476",
				"Cost of Revenue": "26045000.0",
				"Gross Profit": "409295000.0",
				"R&D Expenses": "0.0",
				"SG&A Expense": "48651000.0",
				"Operating Expenses": "292327000.0",
				"Operating Income": "116968000.0",
				"Interest Expense": "118690000.0",
				"Earnings before Tax": "98314000.0",
				"Income Tax Expense": "868000.0",
				"Net Income - Non-Controlling int": "0.0",
				"Net Income - Discontinued ops": "-68808000.0",
				"Net Income": "97446000.0",
				"Preferred Dividends": "0.0",
				"Net Income Com": "97446000.0",
				"EPS": "1.03",
				"EPS Diluted": "1.03",
				"Weighted Average Shs Out": "96713268.0",
				"Weighted Average Shs Out (Dil)": "93843552.0",
				"Dividend per Share": "3.525",
				"Gross Margin": "0.9402",
				"EBITDA Margin": "1.101",
				"EBIT Margin": "0.4985",
				"Profit Margin": "0.224",
				"Free Cash Flow margin": "0.5272",
				"EBITDA": "479280000.0",
				"EBIT": "217004000.0",
				"Consolidated Income": "97446000.0",
				"Earnings Before Tax Margin": "0.2258",
				"Net Profit Margin": "0.2238"
			},
			{
				"date": "2015-12-31",
				"Revenue": "667335000.0",
				"Revenue Growth": "0.1069",
				"Cost of Revenue": "27715000.0",
				"Gross Profit": "639620000.0",
				"R&D Expenses": "0.0",
				"SG&A Expense": "47730000.0",
				"Operating Expenses": "388853000.0",
				"Operating Income": "250767000.0",
				"Interest Expense": "222901000.0",
				"Earnings before Tax": "93813000.0",
				"Income Tax Expense": "601000.0",
				"Net Income - Non-Controlling int": "0.0",
				"Net Income - Discontinued ops": "-688000.0",
				"Net Income": "93212000.0",
				"Preferred Dividends": "0.0",
				"Net Income Com": "93212000.0",
				"EPS": "1.05",
				"EPS Diluted": "1.05",
				"Weighted Average Shs Out": "88278868.0",
				"Weighted Average Shs Out (Dil)": "86444591.0",
				"Dividend per Share": "3.425",
				"Gross Margin": "0.9585",
				"EBITDA Margin": "0.865",
				"EBIT Margin": "0.4746",
				"Profit Margin": "0.14",
				"Free Cash Flow margin": "-0.0264",
				"EBITDA": "577347000.0",
				"EBIT": "316714000.0",
				"Consolidated Income": "93212000.0",
				"Earnings Before Tax Margin": "0.1406",
				"Net Profit Margin": "0.1397"
			},
			{
				"date": "2014-12-31",
				"Revenue": "602871000.0",
				"Revenue Growth": "0.4372",
				"Cost of Revenue": "23383000.0",
				"Gross Profit": "579488000.0",
				"R&D Expenses": "0.0",
				"SG&A Expense": "42637000.0",
				"Operating Expenses": "344854000.0",
				"Operating Income": "234634000.0",
				"Interest Expense": "220070000.0",
				"Earnings before Tax": "-36272000.0",
				"Income Tax Expense": "673000.0",
				"Net Income - Non-Controlling int": "0.0",
				"Net Income - Discontinued ops": "-3693000.0",
				"Net Income": "-36945000.0",
				"Preferred Dividends": "0.0",
				"Net Income Com": "-36945000.0",
				"EPS": "-0.5",
				"EPS Diluted": "-0.5",
				"Weighted Average Shs Out": "79713237.0",
				"Weighted Average Shs Out (Dil)": "77361949.0",
				"Dividend per Share": "3.381",
				"Gross Margin": "0.9612",
				"EBITDA Margin": "0.716",
				"EBIT Margin": "0.3049",
				"Profit Margin": "-0.061",
				"Free Cash Flow margin": "-1.0522",
				"EBITDA": "431764000.0",
				"EBIT": "183798000.0",
				"Consolidated Income": "-36945000.0",
				"Earnings Before Tax Margin": "-0.0602",
				"Net Profit Margin": "-0.0613"
			},
			{
				"date": "2013-12-31",
				"Revenue": "419467000.0",
				"Revenue Growth": "0.5359",
				"Cost of Revenue": "11760000.0",
				"Gross Profit": "407707000.0",
				"R&D Expenses": "0.0",
				"SG&A Expense": "35146000.0",
				"Operating Expenses": "258094000.0",
				"Operating Income": "149613000.0",
				"Interest Expense": "179267000.0",
				"Earnings before Tax": "-503000.0",
				"Income Tax Expense": "1113000.0",
				"Net Income - Non-Controlling int": "0.0",
				"Net Income - Discontinued ops": "-31556000.0",
				"Net Income": "-1616000.0",
				"Preferred Dividends": "0.0",
				"Net Income Com": "-1616000.0",
				"EPS": "-0.05",
				"EPS Diluted": "-0.05",
				"Weighted Average Shs Out": "74070856.0",
				"Weighted Average Shs Out (Dil)": "51004113.0",
				"Dividend per Share": "3.313",
				"Gross Margin": "0.972",
				"EBITDA Margin": "0.826",
				"EBIT Margin": "0.4262",
				"Profit Margin": "-0.004",
				"Free Cash Flow margin": "-0.0875",
				"EBITDA": "346363000.0",
				"EBIT": "178764000.0",
				"Consolidated Income": "-1616000.0",
				"Earnings Before Tax Margin": "-0.0012",
				"Net Profit Margin": "-0.0039"
			},
			{
				"date": "2012-12-31",
				"Revenue": "273115000.0",
				"Revenue Growth": "0.0376",
				"Cost of Revenue": "5176000.0",
				"Gross Profit": "267939000.0",
				"R&D Expenses": "0.0",
				"SG&A Expense": "36252000.0",
				"Operating Expenses": "151208000.0",
				"Operating Income": "116731000.0",
				"Interest Expense": "156220000.0",
				"Earnings before Tax": "-75729000.0",
				"Income Tax Expense": "504000.0",
				"Net Income - Non-Controlling int": "0.0",
				"Net Income - Discontinued ops": "3718000.0",
				"Net Income": "-76233000.0",
				"Preferred Dividends": "63000.0",
				"Net Income Com": "-76296000.0",
				"EPS": "-4.85",
				"EPS Diluted": "-4.85",
				"Weighted Average Shs Out": "79262152.0",
				"Weighted Average Shs Out (Dil)": "15725020.0",
				"Dividend per Share": "0.868",
				"Gross Margin": "0.981",
				"EBITDA Margin": "0.705",
				"EBIT Margin": "0.2947",
				"Profit Margin": "-0.279",
				"Free Cash Flow margin": "-0.022",
				"EBITDA": "192591000.0",
				"EBIT": "80491000.0",
				"Consolidated Income": "-76233000.0",
				"Earnings Before Tax Margin": "-0.2773",
				"Net Profit Margin": "-0.2791"
			},
			{
				"date": "2011-12-31",
				"Revenue": "263230000.0",
				"Revenue Growth": "-0.022",
				"Cost of Revenue": "4693000.0",
				"Gross Profit": "258537000.0",
				"R&D Expenses": "0.0",
				"SG&A Expense": "27854000.0",
				"Operating Expenses": "137232000.0",
				"Operating Income": "121305000.0",
				"Interest Expense": "169343000.0",
				"Earnings before Tax": "-63923000.0",
				"Income Tax Expense": "-60000.0",
				"Net Income - Non-Controlling int": "0.0",
				"Net Income - Discontinued ops": "15885000.0",
				"Net Income": "-63863000.0",
				"Preferred Dividends": "16000.0",
				"Net Income Com": "-63879000.0",
				"EPS": "-6.5",
				"EPS Diluted": "-6.5",
				"Weighted Average Shs Out": "",
				"Weighted Average Shs Out (Dil)": "9853140.0",
				"Dividend per Share": "0.0",
				"Gross Margin": "0.9822",
				"EBITDA Margin": "0.825",
				"EBIT Margin": "0.4005",
				"Profit Margin": "-0.243",
				"Free Cash Flow margin": "0.2773",
				"EBITDA": "217290000.0",
				"EBIT": "105420000.0",
				"Consolidated Income": "-63863000.0",
				"Earnings Before Tax Margin": "-0.2428",
				"Net Profit Margin": "-0.2426"
			},
			{
				"date": "2010-12-31",
				"Revenue": "269150000.0",
				"Revenue Growth": "",
				"Cost of Revenue": "36741000.0",
				"Gross Profit": "232409000.0",
				"R&D Expenses": "0.0",
				"SG&A Expense": "6989000.0",
				"Operating Expenses": "95592000.0",
				"Operating Income": "136817000.0",
				"Interest Expense": "102977000.0",
				"Earnings before Tax": "30430000.0",
				"Income Tax Expense": "0.0",
				"Net Income - Non-Controlling int": "0.0",
				"Net Income - Discontinued ops": "0.0",
				"Net Income": "30430000.0",
				"Preferred Dividends": "0.0",
				"Net Income Com": "30430000.0",
				"EPS": "0.395",
				"EPS Diluted": "0.395",
				"Weighted Average Shs Out": "",
				"Weighted Average Shs Out (Dil)": "78735270.0",
				"Dividend per Share": "0.0",
				"Gross Margin": "0.8635",
				"EBITDA Margin": "0.706",
				"EBIT Margin": "0.4957",
				"Profit Margin": "0.113",
				"Free Cash Flow margin": "-0.0378",
				"EBITDA": "190022000.0",
				"EBIT": "133407000.0",
				"Consolidated Income": "30430000.0",
				"Earnings Before Tax Margin": "0.1131",
				"Net Profit Margin": "0.1131"
			}
		]
	},
	{
		"symbol": "GOOD",
		"financials": [
			{
				"date": "2018-12-31",
				"Revenue": "106798000.0",
				"Revenue Growth": "0.1266",
				"Cost of Revenue": "19554000.0",
				"Gross Profit": "87244000.0",
				"R&D Expenses": "0.0",
				"SG&A Expense": "3963000.0",
				"Operating Expenses": "51583000.0",
				"Operating Income": "35661000.0",
				"Interest Expense": "26172000.0",
				"Earnings before Tax": "12320000.0",
				"Income Tax Expense": "0.0",
				"Net Income - Non-Controlling int": "4000.0",
				"Net Income - Discontinued ops": "0.0",
				"Net Income": "12320000.0",
				"Preferred Dividends": "11347000.0",
				"Net Income Com": "973000.0",
				"EPS": "0.03",
				"EPS Diluted": "0.03",
				"Weighted Average Shs Out": "28987513.0",
				"Weighted Average Shs Out (Dil)": "28675934.0",
				"Dividend per Share": "1.5",
				"Gross Margin": "0.8169",
				"EBITDA Margin": "0.806",
				"EBIT Margin": "0.3604",
				"Profit Margin": "0.009",
				"Free Cash Flow margin": "0.2037",
				"EBITDA": "86112000.0",
				"EBIT": "38492000.0",
				"Consolidated Income": "12324000.0",
				"Earnings Before Tax Margin": "0.1154",
				"Net Profit Margin": "0.1154"
			},
			{
				"date": "2017-12-31",
				"Revenue": "94799000.0",
				"Revenue Growth": "0.0976",
				"Cost of Revenue": "15069000.0",
				"Gross Profit": "79730000.0",
				"R&D Expenses": "0.0",
				"SG&A Expense": "3638000.0",
				"Operating Expenses": "53268000.0",
				"Operating Income": "26462000.0",
				"Interest Expense": "24570000.0",
				"Earnings before Tax": "5937000.0",
				"Income Tax Expense": "0.0",
				"Net Income - Non-Controlling int": "0.0",
				"Net Income - Discontinued ops": "0.0",
				"Net Income": "5937000.0",
				"Preferred Dividends": "10876000.0",
				"Net Income Com": "-4939000.0",
				"EPS": "-0.19",
				"EPS Diluted": "-0.19",
				"Weighted Average Shs Out": "27705664.0",
				"Weighted Average Shs Out (Dil)": "26358237.0",
				"Dividend per Share": "1.5",
				"Gross Margin": "0.841",
				"EBITDA Margin": "0.773",
				"EBIT Margin": "0.3218",
				"Profit Margin": "-0.052",
				"Free Cash Flow margin": "-0.5681",
				"EBITDA": "73302000.0",
				"EBIT": "30507000.0",
				"Consolidated Income": "5937000.0",
				"Earnings Before Tax Margin": "0.0626",
				"Net Profit Margin": "0.0626"
			},
			{
				"date": "2016-12-31",
				"Revenue": "86372000.0",
				"Revenue Growth": "0.0311",
				"Cost of Revenue": "12200000.0",
				"Gross Profit": "74172000.0",
				"R&D Expenses": "0.0",
				"SG&A Expense": "3862000.0",
				"Operating Expenses": "43395000.0",
				"Operating Income": "30777000.0",
				"Interest Expense": "25902000.0",
				"Earnings before Tax": "3958000.0",
				"Income Tax Expense": "0.0",
				"Net Income - Non-Controlling int": "0.0",
				"Net Income - Discontinued ops": "0.0",
				"Net Income": "3958000.0",
				"Preferred Dividends": "7656000.0",
				"Net Income Com": "-3698000.0",
				"EPS": "-0.16",
				"EPS Diluted": "-0.16",
				"Weighted Average Shs Out": "23748303.0",
				"Weighted Average Shs Out (Dil)": "23193962.0",
				"Dividend per Share": "1.5",
				"Gross Margin": "0.8588",
				"EBITDA Margin": "0.78",
				"EBIT Margin": "0.3457",
				"Profit Margin": "-0.043",
				"Free Cash Flow margin": "-0.2877",
				"EBITDA": "67377000.0",
				"EBIT": "29860000.0",
				"Consolidated Income": "3958000.0",
				"Earnings Before Tax Margin": "0.0458",
				"Net Profit Margin": "0.0458"
			},
			{
				"date": "2015-12-31",
				"Revenue": "83766000.0",
				"Revenue Growth": "0.1357",
				"Cost of Revenue": "10920000.0",
				"Gross Profit": "72846000.0",
				"R&D Expenses": "0.0",
				"SG&A Expense": "4135000.0",
				"Operating Expenses": "40045000.0",
				"Operating Income": "32801000.0",
				"Interest Expense": "28014000.0",
				"Earnings before Tax": "3596000.0",
				"Income Tax Expense": "0.0",
				"Net Income - Non-Controlling int": "0.0",
				"Net Income - Discontinued ops": "0.0",
				"Net Income": "3596000.0",
				"Preferred Dividends": "5101000.0",
				"Net Income Com": "-1505000.0",
				"EPS": "-0.07",
				"EPS Diluted": "-0.07",
				"Weighted Average Shs Out": "22065674.0",
				"Weighted Average Shs Out (Dil)": "21159597.0",
				"Dividend per Share": "1.5",
				"Gross Margin": "0.8696",
				"EBITDA Margin": "0.799",
				"EBIT Margin": "0.3774",
				"Profit Margin": "-0.018",
				"Free Cash Flow margin": "-0.5529",
				"EBITDA": "66898000.0",
				"EBIT": "31610000.0",
				"Consolidated Income": "3596000.0",
				"Earnings Before Tax Margin": "0.0429",
				"Net Profit Margin": "0.0429"
			},
			{
				"date": "2014-12-31",
				"Revenue": "73756000.0",
				"Revenue Growth": "0.2024",
				"Cost of Revenue": "8651000.0",
				"Gross Profit": "65105000.0",
				"R&D Expenses": "0.0",
				"SG&A Expense": "4215000.0",
				"Operating Expenses": "48755000.0",
				"Operating Income": "16350000.0",
				"Interest Expense": "26197000.0",
				"Earnings before Tax": "-5902000.0",
				"Income Tax Expense": "0.0",
				"Net Income - Non-Controlling int": "0.0",
				"Net Income - Discontinued ops": "0.0",
				"Net Income": "-5902000.0",
				"Preferred Dividends": "4636000.0",
				"Net Income Com": "-10538000.0",
				"EPS": "-0.61",
				"EPS Diluted": "-0.61",
				"Weighted Average Shs Out": "18928422.0",
				"Weighted Average Shs Out (Dil)": "17253503.0",
				"Dividend per Share": "1.5",
				"Gross Margin": "0.8827",
				"EBITDA Margin": "0.667",
				"EBIT Margin": "0.2752",
				"Profit Margin": "-0.143",
				"Free Cash Flow margin": "-1.2379",
				"EBITDA": "49159000.0",
				"EBIT": "20295000.0",
				"Consolidated Income": "-5902000.0",
				"Earnings Before Tax Margin": "-0.08",
				"Net Profit Margin": "-0.08"
			},
			{
				"date": "2013-12-31",
				"Revenue": "61343000.0",
				"Revenue Growth": "0.1965",
				"Cost of Revenue": "6106000.0",
				"Gross Profit": "55237000.0",
				"R&D Expenses": "0.0",
				"SG&A Expense": "3122000.0",
				"Operating Expenses": "26717000.0",
				"Operating Income": "28520000.0",
				"Interest Expense": "24351000.0",
				"Earnings before Tax": "1527000.0",
				"Income Tax Expense": "0.0",
				"Net Income - Non-Controlling int": "0.0",
				"Net Income - Discontinued ops": "0.0",
				"Net Income": "1527000.0",
				"Preferred Dividends": "4394000.0",
				"Net Income Com": "-2867000.0",
				"EPS": "-0.22",
				"EPS Diluted": "-0.22",
				"Weighted Average Shs Out": "14258492.0",
				"Weighted Average Shs Out (Dil)": "13164244.0",
				"Dividend per Share": "1.5",
				"Gross Margin": "0.9005",
				"EBITDA Margin": "0.794",
				"EBIT Margin": "0.4219",
				"Profit Margin": "-0.047",
				"Free Cash Flow margin": "-1.8988",
				"EBITDA": "48705000.0",
				"EBIT": "25878000.0",
				"Consolidated Income": "1527000.0",
				"Earnings Before Tax Margin": "0.0249",
				"Net Profit Margin": "0.0249"
			},
			{
				"date": "2012-12-31",
				"Revenue": "51270000.0",
				"Revenue Growth": "0.1659",
				"Cost of Revenue": "4403000.0",
				"Gross Profit": "46867000.0",
				"R&D Expenses": "0.0",
				"SG&A Expense": "2712000.0",
				"Operating Expenses": "20492000.0",
				"Operating Income": "26375000.0",
				"Interest Expense": "20226000.0",
				"Earnings before Tax": "3761000.0",
				"Income Tax Expense": "0.0",
				"Net Income - Non-Controlling int": "0.0",
				"Net Income - Discontinued ops": "0.0",
				"Net Income": "3761000.0",
				"Preferred Dividends": "4206000.0",
				"Net Income Com": "-445000.0",
				"EPS": "-0.04",
				"EPS Diluted": "-0.04",
				"Weighted Average Shs Out": "10945379.0",
				"Weighted Average Shs Out (Dil)": "10953325.0",
				"Dividend per Share": "1.5",
				"Gross Margin": "0.9141",
				"EBITDA Margin": "0.796",
				"EBIT Margin": "0.4679",
				"Profit Margin": "-0.009",
				"Free Cash Flow margin": "-1.2559",
				"EBITDA": "40818000.0",
				"EBIT": "23987000.0",
				"Consolidated Income": "3761000.0",
				"Earnings Before Tax Margin": "0.0734",
				"Net Profit Margin": "0.0734"
			},
			{
				"date": "2011-12-31",
				"Revenue": "43976000.0",
				"Revenue Growth": "0.0488",
				"Cost of Revenue": "3900000.0",
				"Gross Profit": "40076000.0",
				"R&D Expenses": "0.0",
				"SG&A Expense": "2521000.0",
				"Operating Expenses": "17370000.0",
				"Operating Income": "22706000.0",
				"Interest Expense": "17076000.0",
				"Earnings before Tax": "5714000.0",
				"Income Tax Expense": "0.0",
				"Net Income - Non-Controlling int": "0.0",
				"Net Income - Discontinued ops": "0.0",
				"Net Income": "5714000.0",
				"Preferred Dividends": "4156000.0",
				"Net Income Com": "1558000.0",
				"EPS": "0.15",
				"EPS Diluted": "0.15",
				"Weighted Average Shs Out": "10945379.0",
				"Weighted Average Shs Out (Dil)": "10236859.0",
				"Dividend per Share": "1.5",
				"Gross Margin": "0.9113",
				"EBITDA Margin": "0.84",
				"EBIT Margin": "0.5182",
				"Profit Margin": "0.035",
				"Free Cash Flow margin": "-0.5655",
				"EBITDA": "36939000.0",
				"EBIT": "22790000.0",
				"Consolidated Income": "5714000.0",
				"Earnings Before Tax Margin": "0.1299",
				"Net Profit Margin": "0.1299"
			},
			{
				"date": "2010-12-31",
				"Revenue": "41928000.0",
				"Revenue Growth": "-0.016",
				"Cost of Revenue": "5267000.0",
				"Gross Profit": "36661000.0",
				"R&D Expenses": "0.0",
				"SG&A Expense": "4471000.0",
				"Operating Expenses": "18147000.0",
				"Operating Income": "18514000.0",
				"Interest Expense": "17063000.0",
				"Earnings before Tax": "4928000.0",
				"Income Tax Expense": "0.0",
				"Net Income - Non-Controlling int": "0.0",
				"Net Income - Discontinued ops": "0.0",
				"Net Income": "4928000.0",
				"Preferred Dividends": "4114000.0",
				"Net Income Com": "814000.0",
				"EPS": "0.09",
				"EPS Diluted": "0.09",
				"Weighted Average Shs Out": "8605264.0",
				"Weighted Average Shs Out (Dil)": "8576303.0",
				"Dividend per Share": "1.5",
				"Gross Margin": "0.8744",
				"EBITDA Margin": "0.841",
				"EBIT Margin": "0.5245",
				"Profit Margin": "0.019",
				"Free Cash Flow margin": "0.3743",
				"EBITDA": "35255000.0",
				"EBIT": "21991000.0",
				"Consolidated Income": "4928000.0",
				"Earnings Before Tax Margin": "0.1175",
				"Net Profit Margin": "0.1175"
			},
			{
				"date": "2009-12-31",
				"Revenue": "42609000.0",
				"Revenue Growth": "0.0441",
				"Cost of Revenue": "4829000.0",
				"Gross Profit": "37780000.0",
				"R&D Expenses": "0.0",
				"SG&A Expense": "2510000.0",
				"Operating Expenses": "15712000.0",
				"Operating Income": "22068000.0",
				"Interest Expense": "17895000.0",
				"Earnings before Tax": "4603000.0",
				"Income Tax Expense": "0.0",
				"Net Income - Non-Controlling int": "0.0",
				"Net Income - Discontinued ops": "-203000.0",
				"Net Income": "4603000.0",
				"Preferred Dividends": "4094000.0",
				"Net Income Com": "509000.0",
				"EPS": "0.06",
				"EPS Diluted": "0.06",
				"Weighted Average Shs Out": "8563264.0",
				"Weighted Average Shs Out (Dil)": "8563000.0",
				"Dividend per Share": "1.5",
				"Gross Margin": "0.8867",
				"EBITDA Margin": "0.837",
				"EBIT Margin": "0.528",
				"Profit Margin": "0.012",
				"Free Cash Flow margin": "0.3981",
				"EBITDA": "35670000.0",
				"EBIT": "22498000.0",
				"Consolidated Income": "4603000.0",
				"Earnings Before Tax Margin": "0.108",
				"Net Profit Margin": "0.108"
			}
		]
	},
	{
		"symbol": "IRT",
		"financials": [
			{
				"date": "2018-12-31",
				"Revenue": "191232000.0",
				"Revenue Growth": "0.1862",
				"Cost of Revenue": "83326000.0",
				"Gross Profit": "107906000.0",
				"R&D Expenses": "0.0",
				"SG&A Expense": "10817000.0",
				"Operating Expenses": "56084000.0",
				"Operating Income": "51822000.0",
				"Interest Expense": "36006000.0",
				"Earnings before Tax": "26288000.0",
				"Income Tax Expense": "0.0",
				"Net Income - Non-Controlling int": "322000.0",
				"Net Income - Discontinued ops": "0.0",
				"Net Income": "26288000.0",
				"Preferred Dividends": "0.0",
				"Net Income Com": "26288000.0",
				"EPS": "0.3",
				"EPS Diluted": "0.3",
				"Weighted Average Shs Out": "88920879.0",
				"Weighted Average Shs Out (Dil)": "87086585.0",
				"Dividend per Share": "0.72",
				"Gross Margin": "0.5643",
				"EBITDA Margin": "0.562",
				"EBIT Margin": "0.3258",
				"Profit Margin": "0.137",
				"Free Cash Flow margin": "0.147",
				"EBITDA": "107515000.0",
				"EBIT": "62294000.0",
				"Consolidated Income": "26610000.0",
				"Earnings Before Tax Margin": "0.1375",
				"Net Profit Margin": "0.1375"
			},
			{
				"date": "2017-12-31",
				"Revenue": "161216000.0",
				"Revenue Growth": "0.051",
				"Cost of Revenue": "70722000.0",
				"Gross Profit": "90494000.0",
				"R&D Expenses": "0.0",
				"SG&A Expense": "9526000.0",
				"Operating Expenses": "45069000.0",
				"Operating Income": "45425000.0",
				"Interest Expense": "28702000.0",
				"Earnings before Tax": "30206000.0",
				"Income Tax Expense": "0.0",
				"Net Income - Non-Controlling int": "1235000.0",
				"Net Income - Discontinued ops": "0.0",
				"Net Income": "30206000.0",
				"Preferred Dividends": "0.0",
				"Net Income Com": "30206000.0",
				"EPS": "0.41",
				"EPS Diluted": "0.41",
				"Weighted Average Shs Out": "83518602.0",
				"Weighted Average Shs Out (Dil)": "73338219.0",
				"Dividend per Share": "0.72",
				"Gross Margin": "0.5613",
				"EBITDA Margin": "0.578",
				"EBIT Margin": "0.3654",
				"Profit Margin": "0.187",
				"Free Cash Flow margin": "0.2478",
				"EBITDA": "93109000.0",
				"EBIT": "58908000.0",
				"Consolidated Income": "31441000.0",
				"Earnings Before Tax Margin": "0.1874",
				"Net Profit Margin": "0.1874"
			},
			{
				"date": "2016-12-31",
				"Revenue": "153388000.0",
				"Revenue Growth": "0.3998",
				"Cost of Revenue": "67995000.0",
				"Gross Profit": "85393000.0",
				"R&D Expenses": "0.0",
				"SG&A Expense": "10864000.0",
				"Operating Expenses": "90707000.0",
				"Operating Income": "-5314000.0",
				"Interest Expense": "35535000.0",
				"Earnings before Tax": "-9801000.0",
				"Income Tax Expense": "0.0",
				"Net Income - Non-Controlling int": "246000.0",
				"Net Income - Discontinued ops": "0.0",
				"Net Income": "-9801000.0",
				"Preferred Dividends": "0.0",
				"Net Income Com": "-9801000.0",
				"EPS": "-0.19",
				"EPS Diluted": "-0.19",
				"Weighted Average Shs Out": "68996070.0",
				"Weighted Average Shs Out (Dil)": "52182427.0",
				"Dividend per Share": "0.72",
				"Gross Margin": "0.5567",
				"EBITDA Margin": "0.395",
				"EBIT Margin": "0.1678",
				"Profit Margin": "-0.064",
				"Free Cash Flow margin": "-0.1186",
				"EBITDA": "60558000.0",
				"EBIT": "25734000.0",
				"Consolidated Income": "-9555000.0",
				"Earnings Before Tax Margin": "-0.0639",
				"Net Profit Margin": "-0.0639"
			},
			{
				"date": "2015-12-31",
				"Revenue": "109576000.0",
				"Revenue Growth": "1.2285",
				"Cost of Revenue": "49955000.0",
				"Gross Profit": "59621000.0",
				"R&D Expenses": "0.0",
				"SG&A Expense": "7790000.0",
				"Operating Expenses": "49439000.0",
				"Operating Income": "10182000.0",
				"Interest Expense": "23553000.0",
				"Earnings before Tax": "28242000.0",
				"Income Tax Expense": "0.0",
				"Net Income - Non-Controlling int": "1914000.0",
				"Net Income - Discontinued ops": "0.0",
				"Net Income": "28242000.0",
				"Preferred Dividends": "0.0",
				"Net Income Com": "28242000.0",
				"EPS": "0.78",
				"EPS Diluted": "0.78",
				"Weighted Average Shs Out": "47070678.0",
				"Weighted Average Shs Out (Dil)": "36153673.0",
				"Dividend per Share": "0.754",
				"Gross Margin": "0.5441",
				"EBITDA Margin": "0.729",
				"EBIT Margin": "0.4727",
				"Profit Margin": "0.258",
				"Free Cash Flow margin": "0.0893",
				"EBITDA": "79889000.0",
				"EBIT": "51795000.0",
				"Consolidated Income": "30156000.0",
				"Earnings Before Tax Margin": "0.2577",
				"Net Profit Margin": "0.2577"
			},
			{
				"date": "2014-12-31",
				"Revenue": "49171000.0",
				"Revenue Growth": "1.4656",
				"Cost of Revenue": "23395000.0",
				"Gross Profit": "25776000.0",
				"R&D Expenses": "0.0",
				"SG&A Expense": "2873000.0",
				"Operating Expenses": "17235000.0",
				"Operating Income": "8541000.0",
				"Interest Expense": "8496000.0",
				"Earnings before Tax": "2940000.0",
				"Income Tax Expense": "0.0",
				"Net Income - Non-Controlling int": "4000.0",
				"Net Income - Discontinued ops": "0.0",
				"Net Income": "2940000.0",
				"Preferred Dividends": "0.0",
				"Net Income Com": "2940000.0",
				"EPS": "0.14",
				"EPS Diluted": "0.14",
				"Weighted Average Shs Out": "25801540.0",
				"Weighted Average Shs Out (Dil)": "21315928.0",
				"Dividend per Share": "0.72",
				"Gross Margin": "0.5242",
				"EBITDA Margin": "0.487",
				"EBIT Margin": "0.2326",
				"Profit Margin": "0.06",
				"Free Cash Flow margin": "0.2352",
				"EBITDA": "23956000.0",
				"EBIT": "11436000.0",
				"Consolidated Income": "2944000.0",
				"Earnings Before Tax Margin": "0.0598",
				"Net Profit Margin": "0.0598"
			},
			{
				"date": "2013-12-31",
				"Revenue": "19943000.0",
				"Revenue Growth": "0.1993",
				"Cost of Revenue": "9429000.0",
				"Gross Profit": "10514000.0",
				"R&D Expenses": "0.0",
				"SG&A Expense": "920000.0",
				"Operating Expenses": "5581000.0",
				"Operating Income": "4933000.0",
				"Interest Expense": "3659000.0",
				"Earnings before Tax": "625000.0",
				"Income Tax Expense": "0.0",
				"Net Income - Non-Controlling int": "649000.0",
				"Net Income - Discontinued ops": "0.0",
				"Net Income": "625000.0",
				"Preferred Dividends": "10000.0",
				"Net Income Com": "615000.0",
				"EPS": "0.12",
				"EPS Diluted": "0.12",
				"Weighted Average Shs Out": "9652540.0",
				"Weighted Average Shs Out (Dil)": "5330814.0",
				"Dividend per Share": "0.32",
				"Gross Margin": "0.5272",
				"EBITDA Margin": "0.436",
				"EBIT Margin": "0.2148",
				"Profit Margin": "0.031",
				"Free Cash Flow margin": "0.2293",
				"EBITDA": "8697000.0",
				"EBIT": "4284000.0",
				"Consolidated Income": "1274000.0",
				"Earnings Before Tax Margin": "0.0313",
				"Net Profit Margin": "0.0313"
			},
			{
				"date": "2012-12-31",
				"Revenue": "16629000.0",
				"Revenue Growth": "0.9184",
				"Cost of Revenue": "8066000.0",
				"Gross Profit": "8563000.0",
				"R&D Expenses": "0.0",
				"SG&A Expense": "1208000.0",
				"Operating Expenses": "4831000.0",
				"Operating Income": "3732000.0",
				"Interest Expense": "3305000.0",
				"Earnings before Tax": "-108000.0",
				"Income Tax Expense": "0.0",
				"Net Income - Non-Controlling int": "535000.0",
				"Net Income - Discontinued ops": "0.0",
				"Net Income": "-108000.0",
				"Preferred Dividends": "15000.0",
				"Net Income Com": "-123000.0",
				"EPS": "-0.45",
				"EPS Diluted": "-0.45",
				"Weighted Average Shs Out": "327536.0",
				"Weighted Average Shs Out (Dil)": "275384.0",
				"Dividend per Share": "0.0",
				"Gross Margin": "0.5149",
				"EBITDA Margin": "0.401",
				"EBIT Margin": "0.1923",
				"Profit Margin": "-0.007",
				"Free Cash Flow margin": "0.2006",
				"EBITDA": "6663000.0",
				"EBIT": "3197000.0",
				"Consolidated Income": "427000.0",
				"Earnings Before Tax Margin": "-0.0065",
				"Net Profit Margin": "-0.0065"
			},
			{
				"date": "2011-12-31",
				"Revenue": "8668000.0",
				"Revenue Growth": "1732.6",
				"Cost of Revenue": "4477000.0",
				"Gross Profit": "4191000.0",
				"R&D Expenses": "0.0",
				"SG&A Expense": "575000.0",
				"Operating Expenses": "2834000.0",
				"Operating Income": "1357000.0",
				"Interest Expense": "1727000.0",
				"Earnings before Tax": "-112000.0",
				"Income Tax Expense": "0.0",
				"Net Income - Non-Controlling int": "-258000.0",
				"Net Income - Discontinued ops": "0.0",
				"Net Income": "-112000.0",
				"Preferred Dividends": "0.0",
				"Net Income Com": "-112000.0",
				"EPS": "-5.6",
				"EPS Diluted": "-5.6",
				"Weighted Average Shs Out": "",
				"Weighted Average Shs Out (Dil)": "20000.0",
				"Dividend per Share": "0.0",
				"Gross Margin": "0.4835",
				"EBITDA Margin": "0.391",
				"EBIT Margin": "0.1863",
				"Profit Margin": "-0.013",
				"Free Cash Flow margin": "0.1532",
				"EBITDA": "3386000.0",
				"EBIT": "1615000.0",
				"Consolidated Income": "-370000.0",
				"Earnings Before Tax Margin": "-0.0129",
				"Net Profit Margin": "-0.0129"
			},
			{
				"date": "2010-12-31",
				"Revenue": "5000.0",
				"Revenue Growth": "",
				"Cost of Revenue": "0.0",
				"Gross Profit": "5000.0",
				"R&D Expenses": "0.0",
				"SG&A Expense": "0.0",
				"Operating Expenses": "0.0",
				"Operating Income": "5000.0",
				"Interest Expense": "0.0",
				"Earnings before Tax": "5000.0",
				"Income Tax Expense": "1000.0",
				"Net Income - Non-Controlling int": "0.0",
				"Net Income - Discontinued ops": "0.0",
				"Net Income": "4000.0",
				"Preferred Dividends": "0.0",
				"Net Income Com": "4000.0",
				"EPS": "0.2",
				"EPS Diluted": "0.2",
				"Weighted Average Shs Out": "",
				"Weighted Average Shs Out (Dil)": "20000.0",
				"Dividend per Share": "0.0",
				"Gross Margin": "1.0",
				"EBITDA Margin": "1.0",
				"EBIT Margin": "1.0",
				"Profit Margin": "0.8",
				"Free Cash Flow margin": "0.6",
				"EBITDA": "5000.0",
				"EBIT": "5000.0",
				"Consolidated Income": "4000.0",
				"Earnings Before Tax Margin": "1.0",
				"Net Profit Margin": "0.8"
			}
		]
	},
	{
		"symbol": "VER",
		"financials": [
			{
				"date": "2018-12-31",
				"Revenue": "1257867000.0",
				"Revenue Growth": "0.0045",
				"Cost of Revenue": "126461000.0",
				"Gross Profit": "1131406000.0",
				"R&D Expenses": "0.0",
				"SG&A Expense": "63933000.0",
				"Operating Expenses": "1053793000.0",
				"Operating Income": "77613000.0",
				"Interest Expense": "280887000.0",
				"Earnings before Tax": "-85185000.0",
				"Income Tax Expense": "5101000.0",
				"Net Income - Non-Controlling int": "2256000.0",
				"Net Income - Discontinued ops": "-3695000.0",
				"Net Income": "-90286000.0",
				"Preferred Dividends": "85774000.0",
				"Net Income Com": "-176060000.0",
				"EPS": "-0.16",
				"EPS Diluted": "-0.16",
				"Weighted Average Shs Out": "967505575.0",
				"Weighted Average Shs Out (Dil)": "967505575.0",
				"Dividend per Share": "0.55",
				"Gross Margin": "0.8995",
				"EBITDA Margin": "0.68",
				"EBIT Margin": "0.1556",
				"Profit Margin": "-0.14",
				"Free Cash Flow margin": "0.3743",
				"EBITDA": "855650000.0",
				"EBIT": "195702000.0",
				"Consolidated Income": "-88030000.0",
				"Earnings Before Tax Margin": "-0.0677",
				"Net Profit Margin": "-0.0718"
			},
			{
				"date": "2017-12-31",
				"Revenue": "1252285000.0",
				"Revenue Growth": "-0.0623",
				"Cost of Revenue": "128717000.0",
				"Gross Profit": "1123568000.0",
				"R&D Expenses": "0.0",
				"SG&A Expense": "58603000.0",
				"Operating Expenses": "867315000.0",
				"Operating Income": "256253000.0",
				"Interest Expense": "289766000.0",
				"Earnings before Tax": "39820000.0",
				"Income Tax Expense": "6882000.0",
				"Net Income - Non-Controlling int": "-560000.0",
				"Net Income - Discontinued ops": "19117000.0",
				"Net Income": "32938000.0",
				"Preferred Dividends": "-31818000.0",
				"Net Income Com": "64756000.0",
				"EPS": "-0.04",
				"EPS Diluted": "-0.04",
				"Weighted Average Shs Out": "974228040.0",
				"Weighted Average Shs Out (Dil)": "974228040.0",
				"Dividend per Share": "0.55",
				"Gross Margin": "0.8972",
				"EBITDA Margin": "0.858",
				"EBIT Margin": "0.2632",
				"Profit Margin": "0.052",
				"Free Cash Flow margin": "0.6152",
				"EBITDA": "1075085000.0",
				"EBIT": "329586000.0",
				"Consolidated Income": "32378000.0",
				"Earnings Before Tax Margin": "0.0318",
				"Net Profit Margin": "0.0263"
			},
			{
				"date": "2016-12-31",
				"Revenue": "1335447000.0",
				"Revenue Growth": "-0.0733",
				"Cost of Revenue": "144428000.0",
				"Gross Profit": "1191019000.0",
				"R&D Expenses": "0.0",
				"SG&A Expense": "51927000.0",
				"Operating Expenses": "1001990000.0",
				"Operating Income": "189029000.0",
				"Interest Expense": "317376000.0",
				"Earnings before Tax": "-198649000.0",
				"Income Tax Expense": "7136000.0",
				"Net Income - Non-Controlling int": "4961000.0",
				"Net Income - Discontinued ops": "123937000.0",
				"Net Income": "-205785000.0",
				"Preferred Dividends": "195863000.0",
				"Net Income Com": "-401648000.0",
				"EPS": "-0.29",
				"EPS Diluted": "-0.29",
				"Weighted Average Shs Out": "974174176.0",
				"Weighted Average Shs Out (Dil)": "974174176.0",
				"Dividend per Share": "0.55",
				"Gross Margin": "0.8919",
				"EBITDA Margin": "0.693",
				"EBIT Margin": "0.0889",
				"Profit Margin": "-0.301",
				"Free Cash Flow margin": "0.5834",
				"EBITDA": "925275000.0",
				"EBIT": "118727000.0",
				"Consolidated Income": "-200824000.0",
				"Earnings Before Tax Margin": "-0.1488",
				"Net Profit Margin": "-0.1541"
			},
			{
				"date": "2015-12-31",
				"Revenue": "1441135000.0",
				"Revenue Growth": "-0.0875",
				"Cost of Revenue": "130855000.0",
				"Gross Profit": "1310280000.0",
				"R&D Expenses": "0.0",
				"SG&A Expense": "67137000.0",
				"Operating Expenses": "1020490000.0",
				"Operating Income": "289790000.0",
				"Interest Expense": "358392000.0",
				"Earnings before Tax": "-311764000.0",
				"Income Tax Expense": "4589000.0",
				"Net Income - Non-Controlling int": "-7139000.0",
				"Net Income - Discontinued ops": "184500000.0",
				"Net Income": "-316353000.0",
				"Preferred Dividends": "0.0",
				"Net Income Com": "-316353000.0",
				"EPS": "-0.43",
				"EPS Diluted": "-0.43",
				"Weighted Average Shs Out": "904960924.0",
				"Weighted Average Shs Out (Dil)": "904960924.0",
				"Dividend per Share": "0.275",
				"Gross Margin": "0.9092",
				"EBITDA Margin": "0.634",
				"EBIT Margin": "0.0324",
				"Profit Margin": "-0.22",
				"Free Cash Flow margin": "0.5823",
				"EBITDA": "913177000.0",
				"EBIT": "46628000.0",
				"Consolidated Income": "-323492000.0",
				"Earnings Before Tax Margin": "-0.2163",
				"Net Profit Margin": "-0.2195"
			},
			{
				"date": "2014-12-31",
				"Revenue": "1579257000.0",
				"Revenue Growth": "3.7955",
				"Cost of Revenue": "203969000.0",
				"Gross Profit": "1375288000.0",
				"R&D Expenses": "0.0",
				"SG&A Expense": "181316000.0",
				"Operating Expenses": "1745866000.0",
				"Operating Income": "-370578000.0",
				"Interest Expense": "452648000.0",
				"Earnings before Tax": "-1010449000.0",
				"Income Tax Expense": "-33264000.0",
				"Net Income - Non-Controlling int": "-33727000.0",
				"Net Income - Discontinued ops": "0.0",
				"Net Income": "-977185000.0",
				"Preferred Dividends": "0.0",
				"Net Income Com": "-977185000.0",
				"EPS": "-1.36",
				"EPS Diluted": "-1.36",
				"Weighted Average Shs Out": "907924095.0",
				"Weighted Average Shs Out (Dil)": "907924095.0",
				"Dividend per Share": "0.0",
				"Gross Margin": "0.8708",
				"EBITDA Margin": "0.285",
				"EBIT Margin": "-0.3532",
				"Profit Margin": "-0.619",
				"Free Cash Flow margin": "0.2889",
				"EBITDA": "449363000.0",
				"EBIT": "-557801000.0",
				"Consolidated Income": "-1010912000.0",
				"Earnings Before Tax Margin": "-0.6398",
				"Net Profit Margin": "-0.6188"
			},
			{
				"date": "2013-12-31",
				"Revenue": "329323000.0",
				"Revenue Growth": "3.9001",
				"Cost of Revenue": "23629000.0",
				"Gross Profit": "305694000.0",
				"R&D Expenses": "0.0",
				"SG&A Expense": "138460000.0",
				"Operating Expenses": "639438000.0",
				"Operating Income": "-333744000.0",
				"Interest Expense": "105548000.0",
				"Earnings before Tax": "-489304000.0",
				"Income Tax Expense": "2195000.0",
				"Net Income - Non-Controlling int": "-16316000.0",
				"Net Income - Discontinued ops": "0.0",
				"Net Income": "-491499000.0",
				"Preferred Dividends": "0.0",
				"Net Income Com": "-491499000.0",
				"EPS": "-2.41",
				"EPS Diluted": "-2.41",
				"Weighted Average Shs Out": "185448022.0",
				"Weighted Average Shs Out (Dil)": "185448022.0",
				"Dividend per Share": "0.0",
				"Gross Margin": "0.9282",
				"EBITDA Margin": "-0.442",
				"EBIT Margin": "-1.1653",
				"Profit Margin": "-1.492",
				"Free Cash Flow margin": "0.0049",
				"EBITDA": "-145449000.0",
				"EBIT": "-383756000.0",
				"Consolidated Income": "-507815000.0",
				"Earnings Before Tax Margin": "-1.4858",
				"Net Profit Margin": "-1.4925"
			},
			{
				"date": "2012-12-31",
				"Revenue": "67207000.0",
				"Revenue Growth": "15.9287",
				"Cost of Revenue": "3522000.0",
				"Gross Profit": "63685000.0",
				"R&D Expenses": "0.0",
				"SG&A Expense": "5670000.0",
				"Operating Expenses": "94300000.0",
				"Operating Income": "-30615000.0",
				"Interest Expense": "11856000.0",
				"Earnings before Tax": "-41652000.0",
				"Income Tax Expense": "0.0",
				"Net Income - Non-Controlling int": "-585000.0",
				"Net Income - Discontinued ops": "745000.0",
				"Net Income": "-41652000.0",
				"Preferred Dividends": "0.0",
				"Net Income Com": "-41652000.0",
				"EPS": "-0.41",
				"EPS Diluted": "-0.41",
				"Weighted Average Shs Out": "11163617.0",
				"Weighted Average Shs Out (Dil)": "11163617.0",
				"Dividend per Share": "0.0",
				"Gross Margin": "0.9476",
				"EBITDA Margin": "0.199",
				"EBIT Margin": "-0.4433",
				"Profit Margin": "-0.62",
				"Free Cash Flow margin": "0.1397",
				"EBITDA": "13356000.0",
				"EBIT": "-29796000.0",
				"Consolidated Income": "-42237000.0",
				"Earnings Before Tax Margin": "-0.6198",
				"Net Profit Margin": "-0.6198"
			},
			{
				"date": "2011-12-31",
				"Revenue": "3970000.0",
				"Revenue Growth": "",
				"Cost of Revenue": "220000.0",
				"Gross Profit": "3750000.0",
				"R&D Expenses": "0.0",
				"SG&A Expense": "749000.0",
				"Operating Expenses": "6744000.0",
				"Operating Income": "-2994000.0",
				"Interest Expense": "960000.0",
				"Earnings before Tax": "-4699000.0",
				"Income Tax Expense": "0.0",
				"Net Income - Non-Controlling int": "-105000.0",
				"Net Income - Discontinued ops": "816000.0",
				"Net Income": "-4699000.0",
				"Preferred Dividends": "0.0",
				"Net Income Com": "-4699000.0",
				"EPS": "-1.26",
				"EPS Diluted": "-1.26",
				"Weighted Average Shs Out": "7323434.0",
				"Weighted Average Shs Out (Dil)": "7323434.0",
				"Dividend per Share": "0.0",
				"Gross Margin": "0.9446",
				"EBITDA Margin": "-0.357",
				"EBIT Margin": "-0.9418",
				"Profit Margin": "-1.184",
				"Free Cash Flow margin": "-0.0647",
				"EBITDA": "-1416000.0",
				"EBIT": "-3739000.0",
				"Consolidated Income": "-4804000.0",
				"Earnings Before Tax Margin": "-1.1836",
				"Net Profit Margin": "-1.1836"
			}
		]
	},
	{
		"symbol": "BRG",
		"financials": [
			{
				"date": "2018-12-31",
				"Revenue": "184716000.0",
				"Revenue Growth": "0.4948",
				"Cost of Revenue": "72388000.0",
				"Gross Profit": "112328000.0",
				"R&D Expenses": "0.0",
				"SG&A Expense": "19553000.0",
				"Operating Expenses": "82640000.0",
				"Operating Income": "29688000.0",
				"Interest Expense": "52998000.0",
				"Earnings before Tax": "-1152000.0",
				"Income Tax Expense": "0.0",
				"Net Income - Non-Controlling int": "-14123000.0",
				"Net Income - Discontinued ops": "0.0",
				"Net Income": "-1152000.0",
				"Preferred Dividends": "41607000.0",
				"Net Income Com": "-42759000.0",
				"EPS": "-1.82",
				"EPS Diluted": "-1.82",
				"Weighted Average Shs Out": "23753494.0",
				"Weighted Average Shs Out (Dil)": "23845800.0",
				"Dividend per Share": "0.65",
				"Gross Margin": "0.6081",
				"EBITDA Margin": "0.643",
				"EBIT Margin": "0.2807",
				"Profit Margin": "-0.231",
				"Free Cash Flow margin": "-1.5717",
				"EBITDA": "118850000.0",
				"EBIT": "51846000.0",
				"Consolidated Income": "-15275000.0",
				"Earnings Before Tax Margin": "-0.0062",
				"Net Profit Margin": "-0.0062"
			},
			{
				"date": "2017-12-31",
				"Revenue": "123576000.0",
				"Revenue Growth": "0.5194",
				"Cost of Revenue": "51531000.0",
				"Gross Profit": "72045000.0",
				"R&D Expenses": "0.0",
				"SG&A Expense": "7541000.0",
				"Operating Expenses": "116692000.0",
				"Operating Income": "-44647000.0",
				"Interest Expense": "31520000.0",
				"Earnings before Tax": "-15645000.0",
				"Income Tax Expense": "0.0",
				"Net Income - Non-Controlling int": "8617000.0",
				"Net Income - Discontinued ops": "0.0",
				"Net Income": "-15645000.0",
				"Preferred Dividends": "30034000.0",
				"Net Income Com": "-45679000.0",
				"EPS": "-1.79",
				"EPS Diluted": "-1.79",
				"Weighted Average Shs Out": "24207539.0",
				"Weighted Average Shs Out (Dil)": "25561673.0",
				"Dividend per Share": "1.16",
				"Gross Margin": "0.583",
				"EBITDA Margin": "0.542",
				"EBIT Margin": "0.1285",
				"Profit Margin": "-0.37",
				"Free Cash Flow margin": "-3.9331",
				"EBITDA": "67021000.0",
				"EBIT": "15875000.0",
				"Consolidated Income": "-7028000.0",
				"Earnings Before Tax Margin": "-0.1266",
				"Net Profit Margin": "-0.1266"
			},
			{
				"date": "2016-12-31",
				"Revenue": "81334000.0",
				"Revenue Growth": "0.7577",
				"Cost of Revenue": "34153000.0",
				"Gross Profit": "47181000.0",
				"R&D Expenses": "0.0",
				"SG&A Expense": "5863000.0",
				"Operating Expenses": "48213000.0",
				"Operating Income": "-1032000.0",
				"Interest Expense": "19915000.0",
				"Earnings before Tax": "-4329000.0",
				"Income Tax Expense": "0.0",
				"Net Income - Non-Controlling int": "1355000.0",
				"Net Income - Discontinued ops": "0.0",
				"Net Income": "-4329000.0",
				"Preferred Dividends": "14656000.0",
				"Net Income Com": "-18985000.0",
				"EPS": "-0.91",
				"EPS Diluted": "-0.91",
				"Weighted Average Shs Out": "19566791.0",
				"Weighted Average Shs Out (Dil)": "20805852.0",
				"Dividend per Share": "1.16",
				"Gross Margin": "0.5801",
				"EBITDA Margin": "0.59",
				"EBIT Margin": "0.1916",
				"Profit Margin": "-0.233",
				"Free Cash Flow margin": "-5.4683",
				"EBITDA": "48021000.0",
				"EBIT": "15586000.0",
				"Consolidated Income": "-2974000.0",
				"Earnings Before Tax Margin": "-0.0532",
				"Net Profit Margin": "-0.0532"
			},
			{
				"date": "2015-12-31",
				"Revenue": "46273000.0",
				"Revenue Growth": "0.524",
				"Cost of Revenue": "19869000.0",
				"Gross Profit": "26404000.0",
				"R&D Expenses": "0.0",
				"SG&A Expense": "4108000.0",
				"Operating Expenses": "28027000.0",
				"Operating Income": "-1623000.0",
				"Interest Expense": "11366000.0",
				"Earnings before Tax": "1788000.0",
				"Income Tax Expense": "0.0",
				"Net Income - Non-Controlling int": "5855000.0",
				"Net Income - Discontinued ops": "0.0",
				"Net Income": "1788000.0",
				"Preferred Dividends": "1153000.0",
				"Net Income Com": "635000.0",
				"EPS": "0.04",
				"EPS Diluted": "0.04",
				"Weighted Average Shs Out": "19555194.0",
				"Weighted Average Shs Out (Dil)": "17404348.0",
				"Dividend per Share": "1.16",
				"Gross Margin": "0.5706",
				"EBITDA Margin": "0.646",
				"EBIT Margin": "0.2843",
				"Profit Margin": "0.014",
				"Free Cash Flow margin": "-4.5494",
				"EBITDA": "29901000.0",
				"EBIT": "13154000.0",
				"Consolidated Income": "7643000.0",
				"Earnings Before Tax Margin": "0.0386",
				"Net Profit Margin": "0.0386"
			},
			{
				"date": "2014-12-31",
				"Revenue": "30363000.0",
				"Revenue Growth": "1.5156",
				"Cost of Revenue": "13213000.0",
				"Gross Profit": "17150000.0",
				"R&D Expenses": "0.0",
				"SG&A Expense": "2694000.0",
				"Operating Expenses": "20715000.0",
				"Operating Income": "-3565000.0",
				"Interest Expense": "8427000.0",
				"Earnings before Tax": "-5172000.0",
				"Income Tax Expense": "0.0",
				"Net Income - Non-Controlling int": "-1386000.0",
				"Net Income - Discontinued ops": "-116000.0",
				"Net Income": "-5172000.0",
				"Preferred Dividends": "0.0",
				"Net Income Com": "-5172000.0",
				"EPS": "-0.96",
				"EPS Diluted": "-0.96",
				"Weighted Average Shs Out": "8238447.0",
				"Weighted Average Shs Out (Dil)": "5381787.0",
				"Dividend per Share": "0.87",
				"Gross Margin": "0.5648",
				"EBITDA Margin": "0.543",
				"EBIT Margin": "0.1072",
				"Profit Margin": "-0.17",
				"Free Cash Flow margin": "-2.0469",
				"EBITDA": "16486000.0",
				"EBIT": "3255000.0",
				"Consolidated Income": "-6558000.0",
				"Earnings Before Tax Margin": "-0.1703",
				"Net Profit Margin": "-0.1703"
			},
			{
				"date": "2013-12-31",
				"Revenue": "12070000.0",
				"Revenue Growth": "3.6939",
				"Cost of Revenue": "5568000.0",
				"Gross Profit": "6502000.0",
				"R&D Expenses": "0.0",
				"SG&A Expense": "1794000.0",
				"Operating Expenses": "7627000.0",
				"Operating Income": "-1125000.0",
				"Interest Expense": "4595000.0",
				"Earnings before Tax": "-2971000.0",
				"Income Tax Expense": "0.0",
				"Net Income - Non-Controlling int": "-1442000.0",
				"Net Income - Discontinued ops": "194000.0",
				"Net Income": "-2971000.0",
				"Preferred Dividends": "0.0",
				"Net Income Com": "-2971000.0",
				"EPS": "-2.7",
				"EPS Diluted": "-2.7",
				"Weighted Average Shs Out": "2413811.0",
				"Weighted Average Shs Out (Dil)": "1032339.0",
				"Dividend per Share": "0.0",
				"Gross Margin": "0.5387",
				"EBITDA Margin": "0.616",
				"EBIT Margin": "0.1345",
				"Profit Margin": "-0.246",
				"Free Cash Flow margin": "-1.7008",
				"EBITDA": "7437000.0",
				"EBIT": "1624000.0",
				"Consolidated Income": "-4413000.0",
				"Earnings Before Tax Margin": "-0.2461",
				"Net Profit Margin": "-0.2461"
			},
			{
				"date": "2012-12-31",
				"Revenue": "2571415.0",
				"Revenue Growth": "0.0",
				"Cost of Revenue": "891140.0",
				"Gross Profit": "1680275.0",
				"R&D Expenses": "0.0",
				"SG&A Expense": "1715675.0",
				"Operating Expenses": "5767803.0",
				"Operating Income": "-4087528.0",
				"Interest Expense": "781359.0",
				"Earnings before Tax": "3920841.0",
				"Income Tax Expense": "0.0",
				"Net Income - Non-Controlling int": "3444467.0",
				"Net Income - Discontinued ops": "720815.0",
				"Net Income": "3920841.0",
				"Preferred Dividends": "0.0",
				"Net Income Com": "3920841.0",
				"EPS": "2.22",
				"EPS Diluted": "2.2",
				"Weighted Average Shs Out": "2105767.0",
				"Weighted Average Shs Out (Dil)": "1679778.0",
				"Dividend per Share": "0.0",
				"Gross Margin": "0.6534",
				"EBITDA Margin": "2.932",
				"EBIT Margin": "1.8286",
				"Profit Margin": "1.525",
				"Free Cash Flow margin": "-6.1269",
				"EBITDA": "7538242.0",
				"EBIT": "4702200.0",
				"Consolidated Income": "7365308.0",
				"Earnings Before Tax Margin": "1.5248",
				"Net Profit Margin": "1.5248"
			},
			{
				"date": "2011-12-31",
				"Revenue": "0.0",
				"Revenue Growth": "0.0",
				"Cost of Revenue": "0.0",
				"Gross Profit": "0.0",
				"R&D Expenses": "0.0",
				"SG&A Expense": "3564948.0",
				"Operating Expenses": "3895104.0",
				"Operating Income": "-3895104.0",
				"Interest Expense": "346562.0",
				"Earnings before Tax": "-4315331.0",
				"Income Tax Expense": "0.0",
				"Net Income - Non-Controlling int": "0.0",
				"Net Income - Discontinued ops": "0.0",
				"Net Income": "-4315331.0",
				"Preferred Dividends": "0.0",
				"Net Income Com": "-4315331.0",
				"EPS": "-5.34",
				"EPS Diluted": "-5.34",
				"Weighted Average Shs Out": "",
				"Weighted Average Shs Out (Dil)": "809304.0",
				"Dividend per Share": "0.0",
				"Gross Margin": "0.0",
				"EBITDA Margin": "",
				"EBIT Margin": "0.0",
				"Profit Margin": "",
				"Free Cash Flow margin": "0.0",
				"EBITDA": "-3968769.0",
				"EBIT": "-3968769.0",
				"Consolidated Income": "-4315331.0",
				"Earnings Before Tax Margin": "0.0",
				"Net Profit Margin": "0.0"
			},
			{
				"date": "2010-12-31",
				"Revenue": "0.0",
				"Revenue Growth": "",
				"Cost of Revenue": "0.0",
				"Gross Profit": "0.0",
				"R&D Expenses": "0.0",
				"SG&A Expense": "314691.0",
				"Operating Expenses": "900893.0",
				"Operating Income": "-900893.0",
				"Interest Expense": "258753.0",
				"Earnings before Tax": "-2306870.0",
				"Income Tax Expense": "0.0",
				"Net Income - Non-Controlling int": "0.0",
				"Net Income - Discontinued ops": "0.0",
				"Net Income": "-2306870.0",
				"Preferred Dividends": "0.0",
				"Net Income Com": "-2306870.0",
				"EPS": "-6.95",
				"EPS Diluted": "-6.95",
				"Weighted Average Shs Out": "",
				"Weighted Average Shs Out (Dil)": "333701.0",
				"Dividend per Share": "0.0",
				"Gross Margin": "0.0",
				"EBITDA Margin": "",
				"EBIT Margin": "0.0",
				"Profit Margin": "",
				"Free Cash Flow margin": "0.0",
				"EBITDA": "-2048117.0",
				"EBIT": "-2048117.0",
				"Consolidated Income": "-2306870.0",
				"Earnings Before Tax Margin": "0.0",
				"Net Profit Margin": "0.0"
			}
		]
	},
	{
		"symbol": "APTS",
		"financials": [
			{
				"date": "2018-12-31",
				"Revenue": "397271000.0",
				"Revenue Growth": "0.3512",
				"Cost of Revenue": "115547000.0",
				"Gross Profit": "281724000.0",
				"R&D Expenses": "0.0",
				"SG&A Expense": "37978000.0",
				"Operating Expenses": "211647000.0",
				"Operating Income": "70077000.0",
				"Interest Expense": "95564000.0",
				"Earnings before Tax": "43467000.0",
				"Income Tax Expense": "0.0",
				"Net Income - Non-Controlling int": "1071000.0",
				"Net Income - Discontinued ops": "0.0",
				"Net Income": "43467000.0",
				"Preferred Dividends": "86757000.0",
				"Net Income Com": "-43290000.0",
				"EPS": "-1.08",
				"EPS Diluted": "-1.08",
				"Weighted Average Shs Out": "41049275.0",
				"Weighted Average Shs Out (Dil)": "40032000.0",
				"Dividend per Share": "1.02",
				"Gross Margin": "0.7091",
				"EBITDA Margin": "0.781",
				"EBIT Margin": "0.35",
				"Profit Margin": "-0.109",
				"Free Cash Flow margin": "-1.8658",
				"EBITDA": "310167000.0",
				"EBIT": "139031000.0",
				"Consolidated Income": "44538000.0",
				"Earnings Before Tax Margin": "0.1094",
				"Net Profit Margin": "0.1094"
			},
			{
				"date": "2017-12-31",
				"Revenue": "294005000.0",
				"Revenue Growth": "0.4692",
				"Cost of Revenue": "82785000.0",
				"Gross Profit": "211220000.0",
				"R&D Expenses": "0.0",
				"SG&A Expense": "35041000.0",
				"Operating Expenses": "151832000.0",
				"Operating Income": "59388000.0",
				"Interest Expense": "67468000.0",
				"Earnings before Tax": "27681000.0",
				"Income Tax Expense": "0.0",
				"Net Income - Non-Controlling int": "986000.0",
				"Net Income - Discontinued ops": "0.0",
				"Net Income": "27681000.0",
				"Preferred Dividends": "63666000.0",
				"Net Income Com": "-35985000.0",
				"EPS": "-1.13",
				"EPS Diluted": "-1.13",
				"Weighted Average Shs Out": "36692002.0",
				"Weighted Average Shs Out (Dil)": "31926000.0",
				"Dividend per Share": "0.94",
				"Gross Margin": "0.7184",
				"EBITDA Margin": "0.721",
				"EBIT Margin": "0.3236",
				"Profit Margin": "-0.122",
				"Free Cash Flow margin": "-2.0004",
				"EBITDA": "211926000.0",
				"EBIT": "95149000.0",
				"Consolidated Income": "28667000.0",
				"Earnings Before Tax Margin": "0.0942",
				"Net Profit Margin": "0.0942"
			},
			{
				"date": "2016-12-31",
				"Revenue": "200119000.0",
				"Revenue Growth": "0.8308",
				"Cost of Revenue": "57956000.0",
				"Gross Profit": "142163000.0",
				"R&D Expenses": "0.0",
				"SG&A Expense": "25306000.0",
				"Operating Expenses": "111993000.0",
				"Operating Income": "30170000.0",
				"Interest Expense": "44284000.0",
				"Earnings before Tax": "-9533000.0",
				"Income Tax Expense": "0.0",
				"Net Income - Non-Controlling int": "-310000.0",
				"Net Income - Discontinued ops": "0.0",
				"Net Income": "-9533000.0",
				"Preferred Dividends": "41097000.0",
				"Net Income Com": "-50630000.0",
				"EPS": "-2.11",
				"EPS Diluted": "-2.11",
				"Weighted Average Shs Out": "24697128.0",
				"Weighted Average Shs Out (Dil)": "23969000.0",
				"Dividend per Share": "0.818",
				"Gross Margin": "0.7104",
				"EBITDA Margin": "0.564",
				"EBIT Margin": "0.1737",
				"Profit Margin": "-0.253",
				"Free Cash Flow margin": "-4.5385",
				"EBITDA": "112891000.0",
				"EBIT": "34751000.0",
				"Consolidated Income": "-9843000.0",
				"Earnings Before Tax Margin": "-0.0476",
				"Net Profit Margin": "-0.0476"
			},
			{
				"date": "2015-12-31",
				"Revenue": "109305512.0",
				"Revenue Growth": "0.9334",
				"Cost of Revenue": "29713327.0",
				"Gross Profit": "79592185.0",
				"R&D Expenses": "0.0",
				"SG&A Expense": "15257824.0",
				"Operating Expenses": "60702443.0",
				"Operating Income": "18889742.0",
				"Interest Expense": "21315731.0",
				"Earnings before Tax": "-2400668.0",
				"Income Tax Expense": "0.0",
				"Net Income - Non-Controlling int": "-25321.0",
				"Net Income - Discontinued ops": "0.0",
				"Net Income": "-2400668.0",
				"Preferred Dividends": "18771190.0",
				"Net Income Com": "-21171858.0",
				"EPS": "-0.95",
				"EPS Diluted": "-0.95",
				"Weighted Average Shs Out": "22368377.0",
				"Weighted Average Shs Out (Dil)": "22182971.0",
				"Dividend per Share": "0.728",
				"Gross Margin": "0.7282",
				"EBITDA Margin": "0.522",
				"EBIT Margin": "0.173",
				"Profit Margin": "-0.194",
				"Free Cash Flow margin": "-3.5654",
				"EBITDA": "57011397.0",
				"EBIT": "18915063.0",
				"Consolidated Income": "-2425989.0",
				"Earnings Before Tax Margin": "-0.022",
				"Net Profit Margin": "-0.022"
			},
			{
				"date": "2014-12-31",
				"Revenue": "56536370.0",
				"Revenue Growth": "0.7594",
				"Cost of Revenue": "12704975.0",
				"Gross Profit": "43831395.0",
				"R&D Expenses": "0.0",
				"SG&A Expense": "8287018.0",
				"Operating Expenses": "31516005.0",
				"Operating Income": "12315390.0",
				"Interest Expense": "10188187.0",
				"Earnings before Tax": "2093489.0",
				"Income Tax Expense": "0.0",
				"Net Income - Non-Controlling int": "33714.0",
				"Net Income - Discontinued ops": "0.0",
				"Net Income": "2093489.0",
				"Preferred Dividends": "7406410.0",
				"Net Income Com": "-5312921.0",
				"EPS": "-0.31",
				"EPS Diluted": "-0.31",
				"Weighted Average Shs Out": "19865065.0",
				"Weighted Average Shs Out (Dil)": "17399147.0",
				"Dividend per Share": "0.655",
				"Gross Margin": "0.7753",
				"EBITDA Margin": "0.506",
				"EBIT Margin": "0.2172",
				"Profit Margin": "-0.094",
				"Free Cash Flow margin": "-5.0619",
				"EBITDA": "28610391.0",
				"EBIT": "12281676.0",
				"Consolidated Income": "2127203.0",
				"Earnings Before Tax Margin": "0.037",
				"Net Profit Margin": "0.037"
			},
			{
				"date": "2013-12-31",
				"Revenue": "32133491.0",
				"Revenue Growth": "1.5725",
				"Cost of Revenue": "8635696.0",
				"Gross Profit": "23497795.0",
				"R&D Expenses": "0.0",
				"SG&A Expense": "4831302.0",
				"Operating Expenses": "21610598.0",
				"Operating Income": "1887197.0",
				"Interest Expense": "5488352.0",
				"Earnings before Tax": "-3983088.0",
				"Income Tax Expense": "0.0",
				"Net Income - Non-Controlling int": "-222404.0",
				"Net Income - Discontinued ops": "0.0",
				"Net Income": "-3983088.0",
				"Preferred Dividends": "11009842.0",
				"Net Income Com": "-14992930.0",
				"EPS": "-1.59",
				"EPS Diluted": "-1.59",
				"Weighted Average Shs Out": "11044715.0",
				"Weighted Average Shs Out (Dil)": "9456228.0",
				"Dividend per Share": "0.605",
				"Gross Margin": "0.7313",
				"EBITDA Margin": "0.521",
				"EBIT Margin": "0.0468",
				"Profit Margin": "-0.467",
				"Free Cash Flow margin": "-0.8349",
				"EBITDA": "16755394.0",
				"EBIT": "1505264.0",
				"Consolidated Income": "-4205492.0",
				"Earnings Before Tax Margin": "-0.124",
				"Net Profit Margin": "-0.124"
			},
			{
				"date": "2012-12-31",
				"Revenue": "12491235.0",
				"Revenue Growth": "1.3456",
				"Cost of Revenue": "3534181.0",
				"Gross Profit": "8957054.0",
				"R&D Expenses": "0.0",
				"SG&A Expense": "3002795.0",
				"Operating Expenses": "6599005.0",
				"Operating Income": "2358049.0",
				"Interest Expense": "2504679.0",
				"Earnings before Tax": "-146630.0",
				"Income Tax Expense": "0.0",
				"Net Income - Non-Controlling int": "0.0",
				"Net Income - Discontinued ops": "0.0",
				"Net Income": "-146630.0",
				"Preferred Dividends": "467900.0",
				"Net Income Com": "-614530.0",
				"EPS": "-0.12",
				"EPS Diluted": "-0.12",
				"Weighted Average Shs Out": "5181280.0",
				"Weighted Average Shs Out (Dil)": "5172260.0",
				"Dividend per Share": "0.545",
				"Gross Margin": "0.7171",
				"EBITDA Margin": "0.477",
				"EBIT Margin": "0.1888",
				"Profit Margin": "-0.049",
				"Free Cash Flow margin": "0.3078",
				"EBITDA": "5953347.0",
				"EBIT": "2358049.0",
				"Consolidated Income": "-146630.0",
				"Earnings Before Tax Margin": "-0.0117",
				"Net Profit Margin": "-0.0117"
			},
			{
				"date": "2011-12-31",
				"Revenue": "5325396.0",
				"Revenue Growth": "0.0",
				"Cost of Revenue": "1736345.0",
				"Gross Profit": "3589051.0",
				"R&D Expenses": "0.0",
				"SG&A Expense": "1247155.0",
				"Operating Expenses": "8678265.0",
				"Operating Income": "-5089214.0",
				"Interest Expense": "1176111.0",
				"Earnings before Tax": "-8495424.0",
				"Income Tax Expense": "0.0",
				"Net Income - Non-Controlling int": "0.0",
				"Net Income - Discontinued ops": "1724658.0",
				"Net Income": "-8495424.0",
				"Preferred Dividends": "9750.0",
				"Net Income Com": "-8505174.0",
				"EPS": "-2.22",
				"EPS Diluted": "-2.22",
				"Weighted Average Shs Out": "5147399.0",
				"Weighted Average Shs Out (Dil)": "3822303.0",
				"Dividend per Share": "0.375",
				"Gross Margin": "0.674",
				"EBITDA Margin": "0.173",
				"EBIT Margin": "-1.3744",
				"Profit Margin": "-1.597",
				"Free Cash Flow margin": "-16.4081",
				"EBITDA": "919131.0",
				"EBIT": "-7319313.0",
				"Consolidated Income": "-8495424.0",
				"Earnings Before Tax Margin": "-1.5953",
				"Net Profit Margin": "-1.5953"
			},
			{
				"date": "2010-12-31",
				"Revenue": "0.0",
				"Revenue Growth": "",
				"Cost of Revenue": "0.0",
				"Gross Profit": "0.0",
				"R&D Expenses": "0.0",
				"SG&A Expense": "0.0",
				"Operating Expenses": "751135.0",
				"Operating Income": "-751135.0",
				"Interest Expense": "15064.0",
				"Earnings before Tax": "-766199.0",
				"Income Tax Expense": "0.0",
				"Net Income - Non-Controlling int": "0.0",
				"Net Income - Discontinued ops": "0.0",
				"Net Income": "-766199.0",
				"Preferred Dividends": "0.0",
				"Net Income Com": "-766199.0",
				"EPS": "-20.9",
				"EPS Diluted": "-20.9",
				"Weighted Average Shs Out": "",
				"Weighted Average Shs Out (Dil)": "36666.0",
				"Dividend per Share": "0.0",
				"Gross Margin": "0.0",
				"EBITDA Margin": "",
				"EBIT Margin": "0.0",
				"Profit Margin": "",
				"Free Cash Flow margin": "0.0",
				"EBITDA": "-751135.0",
				"EBIT": "-751135.0",
				"Consolidated Income": "-766199.0",
				"Earnings Before Tax Margin": "0.0",
				"Net Profit Margin": "0.0"
			}
		]
	},
	{
		"symbol": "EPD",
		"financials": [
			{
				"date": "2018-12-31",
				"Revenue": "36534200000.0",
				"Revenue Growth": "0.2494",
				"Cost of Revenue": "31397300000.0",
				"Gross Profit": "5136900000.0",
				"R&D Expenses": "0.0",
				"SG&A Expense": "208300000.0",
				"Operating Expenses": "208300000.0",
				"Operating Income": "4928600000.0",
				"Interest Expense": "1096700000.0",
				"Earnings before Tax": "4232700000.0",
				"Income Tax Expense": "60300000.0",
				"Net Income - Non-Controlling int": "66100000.0",
				"Net Income - Discontinued ops": "0.0",
				"Net Income": "4172400000.0",
				"Preferred Dividends": "0.0",
				"Net Income Com": "4172400000.0",
				"EPS": "1.91",
				"EPS Diluted": "1.91",
				"Weighted Average Shs Out": "2182661550.0",
				"Weighted Average Shs Out (Dil)": "2182661550.0",
				"Dividend per Share": "1.715",
				"Gross Margin": "0.1406",
				"EBITDA Margin": "0.195",
				"EBIT Margin": "0.1459",
				"Profit Margin": "0.114",
				"Free Cash Flow margin": "0.0521",
				"EBITDA": "7121000000.0",
				"EBIT": "5329400000.0",
				"Consolidated Income": "4238500000.0",
				"Earnings Before Tax Margin": "0.1159",
				"Net Profit Margin": "0.1142"
			},
			{
				"date": "2017-12-31",
				"Revenue": "29241500000.0",
				"Revenue Growth": "0.2701",
				"Cost of Revenue": "25557500000.0",
				"Gross Profit": "3684000000.0",
				"R&D Expenses": "0.0",
				"SG&A Expense": "181100000.0",
				"Operating Expenses": "181100000.0",
				"Operating Income": "3502900000.0",
				"Interest Expense": "984600000.0",
				"Earnings before Tax": "2825000000.0",
				"Income Tax Expense": "25700000.0",
				"Net Income - Non-Controlling int": "56300000.0",
				"Net Income - Discontinued ops": "0.0",
				"Net Income": "2799300000.0",
				"Preferred Dividends": "0.0",
				"Net Income Com": "2799300000.0",
				"EPS": "1.3",
				"EPS Diluted": "1.3",
				"Weighted Average Shs Out": "2152702622.0",
				"Weighted Average Shs Out (Dil)": "2152702622.0",
				"Dividend per Share": "1.668",
				"Gross Margin": "0.126",
				"EBITDA Margin": "0.187",
				"EBIT Margin": "0.1303",
				"Profit Margin": "0.096",
				"Free Cash Flow margin": "0.0535",
				"EBITDA": "5453600000.0",
				"EBIT": "3809600000.0",
				"Consolidated Income": "2855600000.0",
				"Earnings Before Tax Margin": "0.0966",
				"Net Profit Margin": "0.0957"
			},
			{
				"date": "2016-12-31",
				"Revenue": "23022300000.0",
				"Revenue Growth": "-0.1482",
				"Cost of Revenue": "19643500000.0",
				"Gross Profit": "3378800000.0",
				"R&D Expenses": "0.0",
				"SG&A Expense": "160100000.0",
				"Operating Expenses": "160100000.0",
				"Operating Income": "3218700000.0",
				"Interest Expense": "982600000.0",
				"Earnings before Tax": "2536500000.0",
				"Income Tax Expense": "23400000.0",
				"Net Income - Non-Controlling int": "39900000.0",
				"Net Income - Discontinued ops": "0.0",
				"Net Income": "2513100000.0",
				"Preferred Dividends": "0.0",
				"Net Income Com": "2513100000.0",
				"EPS": "1.2",
				"EPS Diluted": "1.2",
				"Weighted Average Shs Out": "2104197364.0",
				"Weighted Average Shs Out (Dil)": "2104197364.0",
				"Dividend per Share": "1.59",
				"Gross Margin": "0.1468",
				"EBITDA Margin": "0.22",
				"EBIT Margin": "0.1529",
				"Profit Margin": "0.109",
				"Free Cash Flow margin": "0.047",
				"EBITDA": "5071100000.0",
				"EBIT": "3519100000.0",
				"Consolidated Income": "2553000000.0",
				"Earnings Before Tax Margin": "0.1102",
				"Net Profit Margin": "0.1092"
			},
			{
				"date": "2015-12-31",
				"Revenue": "27027900000.0",
				"Revenue Growth": "-0.4363",
				"Cost of Revenue": "23668700000.0",
				"Gross Profit": "3359200000.0",
				"R&D Expenses": "0.0",
				"SG&A Expense": "192600000.0",
				"Operating Expenses": "192600000.0",
				"Operating Income": "3166600000.0",
				"Interest Expense": "961800000.0",
				"Earnings before Tax": "2518700000.0",
				"Income Tax Expense": "-2500000.0",
				"Net Income - Non-Controlling int": "37200000.0",
				"Net Income - Discontinued ops": "0.0",
				"Net Income": "2521200000.0",
				"Preferred Dividends": "0.0",
				"Net Income Com": "2521200000.0",
				"EPS": "1.28",
				"EPS Diluted": "1.26",
				"Weighted Average Shs Out": "2005753801.0",
				"Weighted Average Shs Out (Dil)": "2005753801.0",
				"Dividend per Share": "1.51",
				"Gross Margin": "0.1243",
				"EBITDA Margin": "0.185",
				"EBIT Margin": "0.1288",
				"Profit Margin": "0.093",
				"Free Cash Flow margin": "0.0071",
				"EBITDA": "4996500000.0",
				"EBIT": "3480500000.0",
				"Consolidated Income": "2558400000.0",
				"Earnings Before Tax Margin": "0.0932",
				"Net Profit Margin": "0.0933"
			},
			{
				"date": "2014-12-31",
				"Revenue": "47951200000.0",
				"Revenue Growth": "0.0047",
				"Cost of Revenue": "44220500000.0",
				"Gross Profit": "3730700000.0",
				"R&D Expenses": "0.0",
				"SG&A Expense": "214500000.0",
				"Operating Expenses": "214500000.0",
				"Operating Income": "3516200000.0",
				"Interest Expense": "921000000.0",
				"Earnings before Tax": "2810500000.0",
				"Income Tax Expense": "23100000.0",
				"Net Income - Non-Controlling int": "46100000.0",
				"Net Income - Discontinued ops": "0.0",
				"Net Income": "2787400000.0",
				"Preferred Dividends": "0.0",
				"Net Income Com": "2787400000.0",
				"EPS": "1.51",
				"EPS Diluted": "1.47",
				"Weighted Average Shs Out": "1935026941.0",
				"Weighted Average Shs Out (Dil)": "1935026941.0",
				"Dividend per Share": "1.43",
				"Gross Margin": "0.0778",
				"EBITDA Margin": "0.106",
				"EBIT Margin": "0.0778",
				"Profit Margin": "0.058",
				"Free Cash Flow margin": "0.0271",
				"EBITDA": "5092000000.0",
				"EBIT": "3731500000.0",
				"Consolidated Income": "2833500000.0",
				"Earnings Before Tax Margin": "0.0586",
				"Net Profit Margin": "0.0581"
			},
			{
				"date": "2013-12-31",
				"Revenue": "47727000000.0",
				"Revenue Growth": "0.1208",
				"Cost of Revenue": "44238700000.0",
				"Gross Profit": "3488300000.0",
				"R&D Expenses": "0.0",
				"SG&A Expense": "188300000.0",
				"Operating Expenses": "188300000.0",
				"Operating Income": "3300000000.0",
				"Interest Expense": "802500000.0",
				"Earnings before Tax": "2654400000.0",
				"Income Tax Expense": "57500000.0",
				"Net Income - Non-Controlling int": "10200000.0",
				"Net Income - Discontinued ops": "0.0",
				"Net Income": "2596900000.0",
				"Preferred Dividends": "0.0",
				"Net Income Com": "2596900000.0",
				"EPS": "1.45",
				"EPS Diluted": "1.41",
				"Weighted Average Shs Out": "1850208930.0",
				"Weighted Average Shs Out (Dil)": "1850208930.0",
				"Dividend per Share": "1.35",
				"Gross Margin": "0.0731",
				"EBITDA Margin": "0.098",
				"EBIT Margin": "0.0724",
				"Profit Margin": "0.054",
				"Free Cash Flow margin": "0.0101",
				"EBITDA": "4674500000.0",
				"EBIT": "3456900000.0",
				"Consolidated Income": "2607100000.0",
				"Earnings Before Tax Margin": "0.0556",
				"Net Profit Margin": "0.0544"
			},
			{
				"date": "2012-12-31",
				"Revenue": "42583100000.0",
				"Revenue Growth": "-0.039",
				"Cost of Revenue": "39367900000.0",
				"Gross Profit": "3215200000.0",
				"R&D Expenses": "0.0",
				"SG&A Expense": "170300000.0",
				"Operating Expenses": "170300000.0",
				"Operating Income": "3044900000.0",
				"Interest Expense": "771800000.0",
				"Earnings before Tax": "2402700000.0",
				"Income Tax Expense": "-17200000.0",
				"Net Income - Non-Controlling int": "8100000.0",
				"Net Income - Discontinued ops": "0.0",
				"Net Income": "2419900000.0",
				"Preferred Dividends": "0.0",
				"Net Income Com": "2419900000.0",
				"EPS": "1.4",
				"EPS Diluted": "1.35",
				"Weighted Average Shs Out": "1800325452.0",
				"Weighted Average Shs Out (Dil)": "1800325452.0",
				"Dividend per Share": "1.104",
				"Gross Margin": "0.0755",
				"EBITDA Margin": "0.1",
				"EBIT Margin": "0.0745",
				"Profit Margin": "0.057",
				"Free Cash Flow margin": "-0.0166",
				"EBITDA": "4279400000.0",
				"EBIT": "3174500000.0",
				"Consolidated Income": "2428000000.0",
				"Earnings Before Tax Margin": "0.0564",
				"Net Profit Margin": "0.0568"
			},
			{
				"date": "2011-12-31",
				"Revenue": "44313000000.0",
				"Revenue Growth": "0.3134",
				"Cost of Revenue": "41318500000.0",
				"Gross Profit": "2994500000.0",
				"R&D Expenses": "0.0",
				"SG&A Expense": "181800000.0",
				"Operating Expenses": "181800000.0",
				"Operating Income": "2812700000.0",
				"Interest Expense": "744100000.0",
				"Earnings before Tax": "2074100000.0",
				"Income Tax Expense": "27200000.0",
				"Net Income - Non-Controlling int": "41400000.0",
				"Net Income - Discontinued ops": "0.0",
				"Net Income": "2046900000.0",
				"Preferred Dividends": "0.0",
				"Net Income Com": "2046900000.0",
				"EPS": "1.24",
				"EPS Diluted": "1.19",
				"Weighted Average Shs Out": "1750323212.0",
				"Weighted Average Shs Out (Dil)": "1750323212.0",
				"Dividend per Share": "1.202",
				"Gross Margin": "0.0676",
				"EBITDA Margin": "0.086",
				"EBIT Margin": "0.0636",
				"Profit Margin": "0.046",
				"Free Cash Flow margin": "-0.0116",
				"EBITDA": "3825200000.0",
				"EBIT": "2818200000.0",
				"Consolidated Income": "2088300000.0",
				"Earnings Before Tax Margin": "0.0468",
				"Net Profit Margin": "0.0462"
			},
			{
				"date": "2010-12-31",
				"Revenue": "33739300000.0",
				"Revenue Growth": "0.3225",
				"Cost of Revenue": "31449300000.0",
				"Gross Profit": "2290000000.0",
				"R&D Expenses": "0.0",
				"SG&A Expense": "204800000.0",
				"Operating Expenses": "204800000.0",
				"Operating Income": "2085200000.0",
				"Interest Expense": "741900000.0",
				"Earnings before Tax": "346900000.0",
				"Income Tax Expense": "26100000.0",
				"Net Income - Non-Controlling int": "1062900000.0",
				"Net Income - Discontinued ops": "0.0",
				"Net Income": "320800000.0",
				"Preferred Dividends": "0.0",
				"Net Income Com": "320800000.0",
				"EPS": "0.585",
				"EPS Diluted": "0.575",
				"Weighted Average Shs Out": "1284942548.0",
				"Weighted Average Shs Out (Dil)": "1284942548.0",
				"Dividend per Share": "1.143",
				"Gross Margin": "0.0679",
				"EBITDA Margin": "0.061",
				"EBIT Margin": "0.0323",
				"Profit Margin": "0.01",
				"Free Cash Flow margin": "0.012",
				"EBITDA": "2073900000.0",
				"EBIT": "1088800000.0",
				"Consolidated Income": "1383700000.0",
				"Earnings Before Tax Margin": "0.0103",
				"Net Profit Margin": "0.0095"
			},
			{
				"date": "2009-12-31",
				"Revenue": "25510900000.0",
				"Revenue Growth": "-0.2808",
				"Cost of Revenue": "23565800000.0",
				"Gross Profit": "1945100000.0",
				"R&D Expenses": "0.0",
				"SG&A Expense": "182800000.0",
				"Operating Expenses": "182800000.0",
				"Operating Income": "1762300000.0",
				"Interest Expense": "687300000.0",
				"Earnings before Tax": "229400000.0",
				"Income Tax Expense": "25300000.0",
				"Net Income - Non-Controlling int": "936200000.0",
				"Net Income - Discontinued ops": "0.0",
				"Net Income": "204100000.0",
				"Preferred Dividends": "0.0",
				"Net Income Com": "204100000.0",
				"EPS": "0.495",
				"EPS Diluted": "0.495",
				"Weighted Average Shs Out": "1218473106.0",
				"Weighted Average Shs Out (Dil)": "1218473106.0",
				"Dividend per Share": "1.083",
				"Gross Margin": "0.0762",
				"EBITDA Margin": "0.069",
				"EBIT Margin": "0.0359",
				"Profit Margin": "0.008",
				"Free Cash Flow margin": "0.0331",
				"EBITDA": "1753500000.0",
				"EBIT": "916700000.0",
				"Consolidated Income": "1140300000.0",
				"Earnings Before Tax Margin": "0.009",
				"Net Profit Margin": "0.008"
			}
		]
	},
	{
		"symbol": "MPW",
		"financials": [
			{
				"date": "2018-12-31",
				"Revenue": "784522000.0",
				"Revenue Growth": "0.1132",
				"Cost of Revenue": "142320000.0",
				"Gross Profit": "642202000.0",
				"R&D Expenses": "0.0",
				"SG&A Expense": "80086000.0",
				"Operating Expenses": "81003000.0",
				"Operating Income": "561199000.0",
				"Interest Expense": "223274000.0",
				"Earnings before Tax": "1017612000.0",
				"Income Tax Expense": "927000.0",
				"Net Income - Non-Controlling int": "1792000.0",
				"Net Income - Discontinued ops": "0.0",
				"Net Income": "1016685000.0",
				"Preferred Dividends": "0.0",
				"Net Income Com": "1016685000.0",
				"EPS": "2.77",
				"EPS Diluted": "2.76",
				"Weighted Average Shs Out": "364941199.0",
				"Weighted Average Shs Out (Dil)": "365364000.0",
				"Dividend per Share": "1.0",
				"Gross Margin": "0.8186",
				"EBITDA Margin": "1.762",
				"EBIT Margin": "1.5817",
				"Profit Margin": "1.296",
				"Free Cash Flow margin": "2.4331",
				"EBITDA": "1382378000.0",
				"EBIT": "1240886000.0",
				"Consolidated Income": "1018477000.0",
				"Earnings Before Tax Margin": "1.2971",
				"Net Profit Margin": "1.2959"
			},
			{
				"date": "2017-12-31",
				"Revenue": "704745000.0",
				"Revenue Growth": "0.3023",
				"Cost of Revenue": "130917000.0",
				"Gross Profit": "573828000.0",
				"R&D Expenses": "0.0",
				"SG&A Expense": "58599000.0",
				"Operating Expenses": "88244000.0",
				"Operating Income": "485584000.0",
				"Interest Expense": "176954000.0",
				"Earnings before Tax": "292474000.0",
				"Income Tax Expense": "2681000.0",
				"Net Income - Non-Controlling int": "1445000.0",
				"Net Income - Discontinued ops": "0.0",
				"Net Income": "289793000.0",
				"Preferred Dividends": "0.0",
				"Net Income Com": "289793000.0",
				"EPS": "0.82",
				"EPS Diluted": "0.82",
				"Weighted Average Shs Out": "364156080.0",
				"Weighted Average Shs Out (Dil)": "349902000.0",
				"Dividend per Share": "0.96",
				"Gross Margin": "0.8142",
				"EBITDA Margin": "0.853",
				"EBIT Margin": "0.6661",
				"Profit Margin": "0.411",
				"Free Cash Flow margin": "0.5006",
				"EBITDA": "601407000.0",
				"EBIT": "469428000.0",
				"Consolidated Income": "291238000.0",
				"Earnings Before Tax Margin": "0.415",
				"Net Profit Margin": "0.4112"
			},
			{
				"date": "2016-12-31",
				"Revenue": "541137000.0",
				"Revenue Growth": "0.2246",
				"Cost of Revenue": "97086000.0",
				"Gross Profit": "444051000.0",
				"R&D Expenses": "0.0",
				"SG&A Expense": "48911000.0",
				"Operating Expenses": "95184000.0",
				"Operating Income": "348867000.0",
				"Interest Expense": "159597000.0",
				"Earnings before Tax": "218218000.0",
				"Income Tax Expense": "-6830000.0",
				"Net Income - Non-Controlling int": "889000.0",
				"Net Income - Discontinued ops": "0.0",
				"Net Income": "225048000.0",
				"Preferred Dividends": "0.0",
				"Net Income Com": "225048000.0",
				"EPS": "0.86",
				"EPS Diluted": "0.86",
				"Weighted Average Shs Out": "320247632.0",
				"Weighted Average Shs Out (Dil)": "260414000.0",
				"Dividend per Share": "0.91",
				"Gross Margin": "0.8206",
				"EBITDA Margin": "0.879",
				"EBIT Margin": "0.6982",
				"Profit Margin": "0.416",
				"Free Cash Flow margin": "0.5385",
				"EBITDA": "475416000.0",
				"EBIT": "377815000.0",
				"Consolidated Income": "225937000.0",
				"Earnings Before Tax Margin": "0.4033",
				"Net Profit Margin": "0.4159"
			},
			{
				"date": "2015-12-31",
				"Revenue": "441878000.0",
				"Revenue Growth": "0.4139",
				"Cost of Revenue": "73659000.0",
				"Gross Profit": "368219000.0",
				"R&D Expenses": "0.0",
				"SG&A Expense": "43639000.0",
				"Operating Expenses": "104981000.0",
				"Operating Income": "263238000.0",
				"Interest Expense": "120884000.0",
				"Earnings before Tax": "138095000.0",
				"Income Tax Expense": "-1503000.0",
				"Net Income - Non-Controlling int": "329000.0",
				"Net Income - Discontinued ops": "0.0",
				"Net Income": "139598000.0",
				"Preferred Dividends": "0.0",
				"Net Income Com": "139598000.0",
				"EPS": "0.64",
				"EPS Diluted": "0.63",
				"Weighted Average Shs Out": "237837152.0",
				"Weighted Average Shs Out (Dil)": "217997000.0",
				"Dividend per Share": "0.88",
				"Gross Margin": "0.8333",
				"EBITDA Margin": "0.749",
				"EBIT Margin": "0.5861",
				"Profit Margin": "0.316",
				"Free Cash Flow margin": "0.1806",
				"EBITDA": "330806000.0",
				"EBIT": "258979000.0",
				"Consolidated Income": "139927000.0",
				"Earnings Before Tax Margin": "0.3125",
				"Net Profit Margin": "0.3159"
			},
			{
				"date": "2014-12-31",
				"Revenue": "312532000.0",
				"Revenue Growth": "0.2887",
				"Cost of Revenue": "55789000.0",
				"Gross Profit": "256743000.0",
				"R&D Expenses": "0.0",
				"SG&A Expense": "37274000.0",
				"Operating Expenses": "113791000.0",
				"Operating Income": "142952000.0",
				"Interest Expense": "98156000.0",
				"Earnings before Tax": "50182000.0",
				"Income Tax Expense": "-340000.0",
				"Net Income - Non-Controlling int": "274000.0",
				"Net Income - Discontinued ops": "2000.0",
				"Net Income": "50522000.0",
				"Preferred Dividends": "0.0",
				"Net Income Com": "50522000.0",
				"EPS": "0.29",
				"EPS Diluted": "0.29",
				"Weighted Average Shs Out": "172454688.0",
				"Weighted Average Shs Out (Dil)": "169999000.0",
				"Dividend per Share": "0.84",
				"Gross Margin": "0.8215",
				"EBITDA Margin": "0.651",
				"EBIT Margin": "0.4746",
				"Profit Margin": "0.162",
				"Free Cash Flow margin": "0.2648",
				"EBITDA": "203500000.0",
				"EBIT": "148338000.0",
				"Consolidated Income": "50796000.0",
				"Earnings Before Tax Margin": "0.1606",
				"Net Profit Margin": "0.1617"
			},
			{
				"date": "2013-12-31",
				"Revenue": "242523000.0",
				"Revenue Growth": "0.2241",
				"Cost of Revenue": "39428000.0",
				"Gross Profit": "203095000.0",
				"R&D Expenses": "0.0",
				"SG&A Expense": "30063000.0",
				"Operating Expenses": "49557000.0",
				"Operating Income": "153538000.0",
				"Interest Expense": "66427000.0",
				"Earnings before Tax": "97717000.0",
				"Income Tax Expense": "726000.0",
				"Net Income - Non-Controlling int": "224000.0",
				"Net Income - Discontinued ops": "-7914000.0",
				"Net Income": "96991000.0",
				"Preferred Dividends": "0.0",
				"Net Income Com": "96991000.0",
				"EPS": "0.64",
				"EPS Diluted": "0.63",
				"Weighted Average Shs Out": "161571911.0",
				"Weighted Average Shs Out (Dil)": "151439000.0",
				"Dividend per Share": "0.81",
				"Gross Margin": "0.8374",
				"EBITDA Margin": "0.837",
				"EBIT Margin": "0.6768",
				"Profit Margin": "0.4",
				"Free Cash Flow margin": "0.5433",
				"EBITDA": "202962000.0",
				"EBIT": "164144000.0",
				"Consolidated Income": "97215000.0",
				"Earnings Before Tax Margin": "0.4029",
				"Net Profit Margin": "0.3999"
			},
			{
				"date": "2012-12-31",
				"Revenue": "198125000.0",
				"Revenue Growth": "0.4973",
				"Cost of Revenue": "34292000.0",
				"Gross Profit": "163833000.0",
				"R&D Expenses": "0.0",
				"SG&A Expense": "28562000.0",
				"Operating Expenses": "33982000.0",
				"Operating Income": "129851000.0",
				"Interest Expense": "56581000.0",
				"Earnings before Tax": "89919000.0",
				"Income Tax Expense": "19000.0",
				"Net Income - Non-Controlling int": "177000.0",
				"Net Income - Discontinued ops": "-17207000.0",
				"Net Income": "89900000.0",
				"Preferred Dividends": "0.0",
				"Net Income Com": "89900000.0",
				"EPS": "0.67",
				"EPS Diluted": "0.67",
				"Weighted Average Shs Out": "135572131.0",
				"Weighted Average Shs Out (Dil)": "132331000.0",
				"Dividend per Share": "0.8",
				"Gross Margin": "0.8269",
				"EBITDA Margin": "0.919",
				"EBIT Margin": "0.7394",
				"Profit Margin": "0.454",
				"Free Cash Flow margin": "0.6659",
				"EBITDA": "182093000.0",
				"EBIT": "146500000.0",
				"Consolidated Income": "90077000.0",
				"Earnings Before Tax Margin": "0.4538",
				"Net Profit Margin": "0.4538"
			},
			{
				"date": "2011-12-31",
				"Revenue": "132322000.0",
				"Revenue Growth": "0.2249",
				"Cost of Revenue": "30871000.0",
				"Gross Profit": "101451000.0",
				"R&D Expenses": "0.0",
				"SG&A Expense": "27091000.0",
				"Operating Expenses": "31275000.0",
				"Operating Income": "70176000.0",
				"Interest Expense": "43792000.0",
				"Earnings before Tax": "26664000.0",
				"Income Tax Expense": "128000.0",
				"Net Income - Non-Controlling int": "178000.0",
				"Net Income - Discontinued ops": "-14594000.0",
				"Net Income": "26536000.0",
				"Preferred Dividends": "0.0",
				"Net Income Com": "26536000.0",
				"EPS": "0.23",
				"EPS Diluted": "0.23",
				"Weighted Average Shs Out": "111700249.0",
				"Weighted Average Shs Out (Dil)": "110623000.0",
				"Dividend per Share": "0.8",
				"Gross Margin": "0.7667",
				"EBITDA Margin": "0.801",
				"EBIT Margin": "0.5325",
				"Profit Margin": "0.201",
				"Free Cash Flow margin": "0.7361",
				"EBITDA": "105933000.0",
				"EBIT": "70456000.0",
				"Consolidated Income": "26714000.0",
				"Earnings Before Tax Margin": "0.2015",
				"Net Profit Margin": "0.2005"
			},
			{
				"date": "2010-12-31",
				"Revenue": "108024000.0",
				"Revenue Growth": "-0.0527",
				"Cost of Revenue": "25278000.0",
				"Gross Profit": "82746000.0",
				"R&D Expenses": "0.0",
				"SG&A Expense": "26509000.0",
				"Operating Expenses": "40535000.0",
				"Operating Income": "42211000.0",
				"Interest Expense": "32511000.0",
				"Earnings before Tax": "22913000.0",
				"Income Tax Expense": "0.0",
				"Net Income - Non-Controlling int": "99000.0",
				"Net Income - Discontinued ops": "-19983000.0",
				"Net Income": "22913000.0",
				"Preferred Dividends": "0.0",
				"Net Income Com": "22913000.0",
				"EPS": "0.22",
				"EPS Diluted": "0.22",
				"Weighted Average Shs Out": "111268445.0",
				"Weighted Average Shs Out (Dil)": "100706000.0",
				"Dividend per Share": "0.8",
				"Gross Margin": "0.766",
				"EBITDA Margin": "0.757",
				"EBIT Margin": "0.5131",
				"Profit Margin": "0.212",
				"Free Cash Flow margin": "1.404",
				"EBITDA": "81736000.0",
				"EBIT": "55424000.0",
				"Consolidated Income": "23012000.0",
				"Earnings Before Tax Margin": "0.2121",
				"Net Profit Margin": "0.2121"
			},
			{
				"date": "2009-12-31",
				"Revenue": "114038000.0",
				"Revenue Growth": "0.0651",
				"Cost of Revenue": "25389000.0",
				"Gross Profit": "88649000.0",
				"R&D Expenses": "0.0",
				"SG&A Expense": "21096000.0",
				"Operating Expenses": "21096000.0",
				"Operating Income": "67553000.0",
				"Interest Expense": "37651000.0",
				"Earnings before Tax": "36330000.0",
				"Income Tax Expense": "0.0",
				"Net Income - Non-Controlling int": "37000.0",
				"Net Income - Discontinued ops": "-6422000.0",
				"Net Income": "36330000.0",
				"Preferred Dividends": "0.0",
				"Net Income Com": "36330000.0",
				"EPS": "0.45",
				"EPS Diluted": "0.45",
				"Weighted Average Shs Out": "80164801.0",
				"Weighted Average Shs Out (Dil)": "78117000.0",
				"Dividend per Share": "0.8",
				"Gross Margin": "0.7774",
				"EBITDA Margin": "0.879",
				"EBIT Margin": "0.6487",
				"Profit Margin": "0.319",
				"Free Cash Flow margin": "0.6818",
				"EBITDA": "100290000.0",
				"EBIT": "73981000.0",
				"Consolidated Income": "36367000.0",
				"Earnings Before Tax Margin": "0.3186",
				"Net Profit Margin": "0.3186"
			}
		]
	},
	{
		"symbol": "MGP",
		"financials": [
			{
				"date": "2018-12-31",
				"Revenue": "1002444000.0",
				"Revenue Growth": "0.3092",
				"Cost of Revenue": "207584000.0",
				"Gross Profit": "794860000.0",
				"R&D Expenses": "0.0",
				"SG&A Expense": "16178000.0",
				"Operating Expenses": "319101000.0",
				"Operating Income": "475759000.0",
				"Interest Expense": "215532000.0",
				"Earnings before Tax": "77900000.0",
				"Income Tax Expense": "10835000.0",
				"Net Income - Non-Controlling int": "177637000.0",
				"Net Income - Discontinued ops": "0.0",
				"Net Income": "67065000.0",
				"Preferred Dividends": "0.0",
				"Net Income Com": "67065000.0",
				"EPS": "0.94",
				"EPS Diluted": "0.94",
				"Weighted Average Shs Out": "70911166.0",
				"Weighted Average Shs Out (Dil)": "70997589.0",
				"Dividend per Share": "1.735",
				"Gross Margin": "0.7929",
				"EBITDA Margin": "0.565",
				"EBIT Margin": "0.2927",
				"Profit Margin": "0.067",
				"Free Cash Flow margin": "0.5772",
				"EBITDA": "566463000.0",
				"EBIT": "293432000.0",
				"Consolidated Income": "244702000.0",
				"Earnings Before Tax Margin": "0.0777",
				"Net Profit Margin": "0.0669"
			},
			{
				"date": "2017-12-31",
				"Revenue": "765695000.0",
				"Revenue Growth": "0.6377",
				"Cost of Revenue": "88254000.0",
				"Gross Profit": "677441000.0",
				"R&D Expenses": "0.0",
				"SG&A Expense": "12189000.0",
				"Operating Expenses": "324656000.0",
				"Operating Income": "352785000.0",
				"Interest Expense": "184175000.0",
				"Earnings before Tax": "46681000.0",
				"Income Tax Expense": "4906000.0",
				"Net Income - Non-Controlling int": "124215000.0",
				"Net Income - Discontinued ops": "0.0",
				"Net Income": "41775000.0",
				"Preferred Dividends": "0.0",
				"Net Income Com": "41775000.0",
				"EPS": "0.68",
				"EPS Diluted": "0.67",
				"Weighted Average Shs Out": "70896795.0",
				"Weighted Average Shs Out (Dil)": "61733136.0",
				"Dividend per Share": "1.597",
				"Gross Margin": "0.8847",
				"EBITDA Margin": "0.642",
				"EBIT Margin": "0.3015",
				"Profit Margin": "0.055",
				"Free Cash Flow margin": "0.6296",
				"EBITDA": "491311000.0",
				"EBIT": "230856000.0",
				"Consolidated Income": "165990000.0",
				"Earnings Before Tax Margin": "0.061",
				"Net Profit Margin": "0.0546"
			},
			{
				"date": "2016-12-31",
				"Revenue": "467548000.0",
				"Revenue Growth": "0.0",
				"Cost of Revenue": "68063000.0",
				"Gross Profit": "399485000.0",
				"R&D Expenses": "0.0",
				"SG&A Expense": "9896000.0",
				"Operating Expenses": "245711000.0",
				"Operating Income": "153774000.0",
				"Interest Expense": "116212000.0",
				"Earnings before Tax": "32202000.0",
				"Income Tax Expense": "2264000.0",
				"Net Income - Non-Controlling int": "5408000.0",
				"Net Income - Discontinued ops": "0.0",
				"Net Income": "29938000.0",
				"Preferred Dividends": "0.0",
				"Net Income Com": "29938000.0",
				"EPS": "0.52",
				"EPS Diluted": "0.52",
				"Weighted Average Shs Out": "57500000.0",
				"Weighted Average Shs Out (Dil)": "57502158.0",
				"Dividend per Share": "1.038",
				"Gross Margin": "0.8544",
				"EBITDA Margin": "0.789",
				"EBIT Margin": "0.3174",
				"Profit Margin": "0.064",
				"Free Cash Flow margin": "0.3396",
				"EBITDA": "369081000.0",
				"EBIT": "148414000.0",
				"Consolidated Income": "35346000.0",
				"Earnings Before Tax Margin": "0.0689",
				"Net Profit Margin": "0.064"
			},
			{
				"date": "2015-12-31",
				"Revenue": "0.0",
				"Revenue Growth": "0.0",
				"Cost of Revenue": "58473000.0",
				"Gross Profit": "-58473000.0",
				"R&D Expenses": "0.0",
				"SG&A Expense": "0.0",
				"Operating Expenses": "203481000.0",
				"Operating Income": "-261954000.0",
				"Interest Expense": "0.0",
				"Earnings before Tax": "0.0",
				"Income Tax Expense": "0.0",
				"Net Income - Non-Controlling int": "-261954000.0",
				"Net Income - Discontinued ops": "0.0",
				"Net Income": "0.0",
				"Preferred Dividends": "0.0",
				"Net Income Com": "0.0",
				"EPS": "0.0",
				"EPS Diluted": "0.0",
				"Weighted Average Shs Out": "50000000.0",
				"Weighted Average Shs Out (Dil)": "",
				"Dividend per Share": "0.0",
				"Gross Margin": "0.0",
				"EBITDA Margin": "",
				"EBIT Margin": "0.0",
				"Profit Margin": "",
				"Free Cash Flow margin": "0.0",
				"EBITDA": "196816000.0",
				"EBIT": "0.0",
				"Consolidated Income": "-261954000.0",
				"Earnings Before Tax Margin": "0.0",
				"Net Profit Margin": "0.0"
			},
			{
				"date": "2014-12-31",
				"Revenue": "0.0",
				"Revenue Growth": "",
				"Cost of Revenue": "0.0",
				"Gross Profit": "0.0",
				"R&D Expenses": "0.0",
				"SG&A Expense": "0.0",
				"Operating Expenses": "246242000.0",
				"Operating Income": "-246242000.0",
				"Interest Expense": "0.0",
				"Earnings before Tax": "0.0",
				"Income Tax Expense": "0.0",
				"Net Income - Non-Controlling int": "-246242000.0",
				"Net Income - Discontinued ops": "0.0",
				"Net Income": "0.0",
				"Preferred Dividends": "0.0",
				"Net Income Com": "0.0",
				"EPS": "",
				"EPS Diluted": "",
				"Weighted Average Shs Out": "",
				"Weighted Average Shs Out (Dil)": "",
				"Dividend per Share": "0.0",
				"Gross Margin": "0.0",
				"EBITDA Margin": "",
				"EBIT Margin": "0.0",
				"Profit Margin": "",
				"Free Cash Flow margin": "0.0",
				"EBITDA": "186262000.0",
				"EBIT": "0.0",
				"Consolidated Income": "-246242000.0",
				"Earnings Before Tax Margin": "0.0",
				"Net Profit Margin": "0.0"
			}
		]
	},
	{
		"symbol": "ACB",
		"financials": [
			{
				"date": "2019-06-30",
				"Revenue": "189266412.2137",
				"Revenue Growth": "3.5263",
				"Cost of Revenue": "67270229.0076",
				"Gross Profit": "121996183.2061",
				"R&D Expenses": "11280916.0305",
				"SG&A Expense": "207369465.6489",
				"Operating Expenses": "361877099.2366",
				"Operating Income": "-239880916.0305",
				"Interest Expense": "31316793.8931",
				"Earnings before Tax": "-261409160.3053",
				"Income Tax Expense": "-23135114.5038",
				"Net Income - Non-Controlling int": "10851145.0382",
				"Net Income - Discontinued ops": "0.0",
				"Net Income": "-238274045.8015",
				"Preferred Dividends": "0.0",
				"Net Income Com": "-238274045.8015",
				"EPS": "-0.2214",
				"EPS Diluted": "-0.2214",
				"Weighted Average Shs Out": "761895224.4275",
				"Weighted Average Shs Out (Dil)": "761895224.4275",
				"Dividend per Share": "0.0",
				"Gross Margin": "0.6446",
				"EBITDA Margin": "-0.6565",
				"EBIT Margin": "-1.2157",
				"Profit Margin": "-0.9611",
				"Free Cash Flow margin": "-2.4463",
				"EBITDA": "-162719083.9695",
				"EBIT": "-230092366.4122",
				"Consolidated Income": "-227422900.7634",
				"Earnings Before Tax Margin": "-1.3812",
				"Net Profit Margin": "-1.2589"
			},
			{
				"date": "2018-06-30",
				"Revenue": "41815151.5152",
				"Revenue Growth": "36.8923",
				"Cost of Revenue": "8846212.1212",
				"Gross Profit": "32968939.3939",
				"R&D Expenses": "1271969.697",
				"SG&A Expense": "54856060.6061",
				"Operating Expenses": "105523484.8485",
				"Operating Income": "-72554545.4545",
				"Interest Expense": "8910606.0606",
				"Earnings before Tax": "54476515.1515",
				"Income Tax Expense": "6136363.6364",
				"Net Income - Non-Controlling int": "4104545.4545",
				"Net Income - Discontinued ops": "0.0",
				"Net Income": "48340151.5152",
				"Preferred Dividends": "0.0",
				"Net Income Com": "48340151.5152",
				"EPS": "0.1212",
				"EPS Diluted": "0.1136",
				"Weighted Average Shs Out": "756123290.9091",
				"Weighted Average Shs Out (Dil)": "211385777.2727",
				"Dividend per Share": "0.0",
				"Gross Margin": "0.7884",
				"EBITDA Margin": "1.3167",
				"EBIT Margin": "1.5159",
				"Profit Margin": "0.8758",
				"Free Cash Flow margin": "-3.9606",
				"EBITDA": "72675000.0",
				"EBIT": "63387121.2121",
				"Consolidated Income": "52444696.9697",
				"Earnings Before Tax Margin": "1.3028",
				"Net Profit Margin": "1.156"
			},
			{
				"date": "2017-06-30",
				"Revenue": "1103527.6074",
				"Revenue Growth": "",
				"Cost of Revenue": "-585122.6994",
				"Gross Profit": "1688650.3067",
				"R&D Expenses": "433282.2086",
				"SG&A Expense": "3620398.773",
				"Operating Expenses": "5208588.9571",
				"Operating Income": "-3519938.6503",
				"Interest Expense": "1107361.9632",
				"Earnings before Tax": "-4503067.4847",
				"Income Tax Expense": "-114263.8037",
				"Net Income - Non-Controlling int": "0.0",
				"Net Income - Discontinued ops": "0.0",
				"Net Income": "-4388803.681",
				"Preferred Dividends": "0.0",
				"Net Income Com": "-4388803.681",
				"EPS": "-0.0307",
				"EPS Diluted": "-0.0307",
				"Weighted Average Shs Out": "",
				"Weighted Average Shs Out (Dil)": "98917381.9018",
				"Dividend per Share": "0.0",
				"Gross Margin": "1.5302",
				"EBITDA Margin": "-2.0437",
				"EBIT Margin": "-3.0771",
				"Profit Margin": "-3.0498",
				"Free Cash Flow margin": "-6.016",
				"EBITDA": "-2940950.9202",
				"EBIT": "-3395705.5215",
				"Consolidated Income": "-4388803.681",
				"Earnings Before Tax Margin": "-4.0806",
				"Net Profit Margin": "-3.9771"
			}
		]
	},
	{
		"symbol": "SLM",
		"financials": [
			{
				"date": "2018-12-31",
				"Revenue": "1116305000.0",
				"Revenue Growth": "0.1869",
				"Cost of Revenue": "0.0",
				"Gross Profit": "1116305000.0",
				"R&D Expenses": "0.0",
				"SG&A Expense": "252346000.0",
				"Operating Expenses": "556976000.0",
				"Operating Income": "559329000.0",
				"Interest Expense": "0.0",
				"Earnings before Tax": "559329000.0",
				"Income Tax Expense": "71853000.0",
				"Net Income - Non-Controlling int": "0.0",
				"Net Income - Discontinued ops": "0.0",
				"Net Income": "487476000.0",
				"Preferred Dividends": "15640000.0",
				"Net Income Com": "471836000.0",
				"EPS": "1.08",
				"EPS Diluted": "1.07",
				"Weighted Average Shs Out": "435661454.0",
				"Weighted Average Shs Out (Dil)": "435054000.0",
				"Dividend per Share": "0.0",
				"Gross Margin": "1.0",
				"EBITDA Margin": "0.513",
				"EBIT Margin": "0.5011",
				"Profit Margin": "0.423",
				"Free Cash Flow margin": "-0.092",
				"EBITDA": "573158000.0",
				"EBIT": "559329000.0",
				"Consolidated Income": "487476000.0",
				"Earnings Before Tax Margin": "0.5011",
				"Net Profit Margin": "0.4367"
			},
			{
				"date": "2017-12-31",
				"Revenue": "940554000.0",
				"Revenue Growth": "0.1746",
				"Cost of Revenue": "0.0",
				"Gross Profit": "940554000.0",
				"R&D Expenses": "0.0",
				"SG&A Expense": "213319000.0",
				"Operating Expenses": "449089000.0",
				"Operating Income": "491465000.0",
				"Interest Expense": "0.0",
				"Earnings before Tax": "491465000.0",
				"Income Tax Expense": "202531000.0",
				"Net Income - Non-Controlling int": "0.0",
				"Net Income - Discontinued ops": "0.0",
				"Net Income": "288934000.0",
				"Preferred Dividends": "15714000.0",
				"Net Income Com": "273220000.0",
				"EPS": "0.63",
				"EPS Diluted": "0.62",
				"Weighted Average Shs Out": "431889664.0",
				"Weighted Average Shs Out (Dil)": "431216000.0",
				"Dividend per Share": "0.0",
				"Gross Margin": "1.0",
				"EBITDA Margin": "0.534",
				"EBIT Margin": "0.5225",
				"Profit Margin": "0.29",
				"Free Cash Flow margin": "-0.182",
				"EBITDA": "502636000.0",
				"EBIT": "491465000.0",
				"Consolidated Income": "288934000.0",
				"Earnings Before Tax Margin": "0.5225",
				"Net Profit Margin": "0.3072"
			},
			{
				"date": "2016-12-31",
				"Revenue": "800749000.0",
				"Revenue Growth": "0.0072",
				"Cost of Revenue": "0.0",
				"Gross Profit": "800749000.0",
				"R&D Expenses": "0.0",
				"SG&A Expense": "183996000.0",
				"Operating Expenses": "386313000.0",
				"Operating Income": "414436000.0",
				"Interest Expense": "0.0",
				"Earnings before Tax": "414436000.0",
				"Income Tax Expense": "164109000.0",
				"Net Income - Non-Controlling int": "0.0",
				"Net Income - Discontinued ops": "0.0",
				"Net Income": "250327000.0",
				"Preferred Dividends": "21204000.0",
				"Net Income Com": "229123000.0",
				"EPS": "0.54",
				"EPS Diluted": "0.53",
				"Weighted Average Shs Out": "428267726.0",
				"Weighted Average Shs Out (Dil)": "427876000.0",
				"Dividend per Share": "0.0",
				"Gross Margin": "1.0",
				"EBITDA Margin": "0.53",
				"EBIT Margin": "0.5176",
				"Profit Margin": "0.286",
				"Free Cash Flow margin": "-0.2485",
				"EBITDA": "424028000.0",
				"EBIT": "414436000.0",
				"Consolidated Income": "250327000.0",
				"Earnings Before Tax Margin": "0.5176",
				"Net Profit Margin": "0.3126"
			},
			{
				"date": "2015-12-31",
				"Revenue": "795037000.0",
				"Revenue Growth": "0.2227",
				"Cost of Revenue": "0.0",
				"Gross Profit": "795037000.0",
				"R&D Expenses": "0.0",
				"SG&A Expense": "158975000.0",
				"Operating Expenses": "355973000.0",
				"Operating Income": "439064000.0",
				"Interest Expense": "0.0",
				"Earnings before Tax": "439064000.0",
				"Income Tax Expense": "164780000.0",
				"Net Income - Non-Controlling int": "0.0",
				"Net Income - Discontinued ops": "0.0",
				"Net Income": "274284000.0",
				"Preferred Dividends": "19595000.0",
				"Net Income Com": "254689000.0",
				"EPS": "0.6",
				"EPS Diluted": "0.59",
				"Weighted Average Shs Out": "426108435.0",
				"Weighted Average Shs Out (Dil)": "425574000.0",
				"Dividend per Share": "0.0",
				"Gross Margin": "1.0",
				"EBITDA Margin": "0.563",
				"EBIT Margin": "0.5523",
				"Profit Margin": "0.32",
				"Free Cash Flow margin": "-0.107",
				"EBITDA": "447981000.0",
				"EBIT": "439064000.0",
				"Consolidated Income": "274284000.0",
				"Earnings Before Tax Margin": "0.5523",
				"Net Profit Margin": "0.345"
			},
			{
				"date": "2014-12-31",
				"Revenue": "650234000.0",
				"Revenue Growth": "-0.0591",
				"Cost of Revenue": "0.0",
				"Gross Profit": "650234000.0",
				"R&D Expenses": "0.0",
				"SG&A Expense": "129709000.0",
				"Operating Expenses": "316482000.0",
				"Operating Income": "333752000.0",
				"Interest Expense": "0.0",
				"Earnings before Tax": "334186000.0",
				"Income Tax Expense": "139967000.0",
				"Net Income - Non-Controlling int": "-434000.0",
				"Net Income - Discontinued ops": "0.0",
				"Net Income": "194219000.0",
				"Preferred Dividends": "12933000.0",
				"Net Income Com": "181286000.0",
				"EPS": "0.43",
				"EPS Diluted": "0.42",
				"Weighted Average Shs Out": "423164643.0",
				"Weighted Average Shs Out (Dil)": "423970000.0",
				"Dividend per Share": "0.15",
				"Gross Margin": "1.0",
				"EBITDA Margin": "0.528",
				"EBIT Margin": "0.5139",
				"Profit Margin": "0.279",
				"Free Cash Flow margin": "-0.6717",
				"EBITDA": "343575000.0",
				"EBIT": "334186000.0",
				"Consolidated Income": "193785000.0",
				"Earnings Before Tax Margin": "0.5139",
				"Net Profit Margin": "0.2987"
			},
			{
				"date": "2013-12-31",
				"Revenue": "691044000.0",
				"Revenue Growth": "0.1352",
				"Cost of Revenue": "0.0",
				"Gross Profit": "691044000.0",
				"R&D Expenses": "0.0",
				"SG&A Expense": "106799000.0",
				"Operating Expenses": "274517000.0",
				"Operating Income": "416527000.0",
				"Interest Expense": "0.0",
				"Earnings before Tax": "417879000.0",
				"Income Tax Expense": "158934000.0",
				"Net Income - Non-Controlling int": "-1352000.0",
				"Net Income - Discontinued ops": "0.0",
				"Net Income": "258945000.0",
				"Preferred Dividends": "0.0",
				"Net Income Com": "258945000.0",
				"EPS": "0.59",
				"EPS Diluted": "0.58",
				"Weighted Average Shs Out": "436264071.0",
				"Weighted Average Shs Out (Dil)": "440108000.0",
				"Dividend per Share": "0.6",
				"Gross Margin": "1.0",
				"EBITDA Margin": "0.612",
				"EBIT Margin": "0.6047",
				"Profit Margin": "0.375",
				"Free Cash Flow margin": "0.1013",
				"EBITDA": "422938000.0",
				"EBIT": "417879000.0",
				"Consolidated Income": "257593000.0",
				"Earnings Before Tax Margin": "0.6047",
				"Net Profit Margin": "0.3747"
			},
			{
				"date": "2012-12-31",
				"Revenue": "608764000.0",
				"Revenue Growth": "-0.6899",
				"Cost of Revenue": "0.0",
				"Gross Profit": "608764000.0",
				"R&D Expenses": "0.0",
				"SG&A Expense": "109575000.0",
				"Operating Expenses": "266895000.0",
				"Operating Income": "341869000.0",
				"Interest Expense": "0.0",
				"Earnings before Tax": "343763000.0",
				"Income Tax Expense": "126143000.0",
				"Net Income - Non-Controlling int": "-1894000.0",
				"Net Income - Discontinued ops": "0.0",
				"Net Income": "217620000.0",
				"Preferred Dividends": "0.0",
				"Net Income Com": "217620000.0",
				"EPS": "0.46",
				"EPS Diluted": "0.45",
				"Weighted Average Shs Out": "462158784.0",
				"Weighted Average Shs Out (Dil)": "476118000.0",
				"Dividend per Share": "0.5",
				"Gross Margin": "1.0",
				"EBITDA Margin": "0.576",
				"EBIT Margin": "0.5647",
				"Profit Margin": "0.357",
				"Free Cash Flow margin": "0.1635",
				"EBITDA": "350600000.0",
				"EBIT": "343763000.0",
				"Consolidated Income": "215726000.0",
				"Earnings Before Tax Margin": "0.5647",
				"Net Profit Margin": "0.3575"
			},
			{
				"date": "2011-12-31",
				"Revenue": "1963000000.0",
				"Revenue Growth": "-0.3631",
				"Cost of Revenue": "0.0",
				"Gross Profit": "1963000000.0",
				"R&D Expenses": "0.0",
				"SG&A Expense": "493000000.0",
				"Operating Expenses": "1038000000.0",
				"Operating Income": "925000000.0",
				"Interest Expense": "0.0",
				"Earnings before Tax": "961000000.0",
				"Income Tax Expense": "328000000.0",
				"Net Income - Non-Controlling int": "-1000000.0",
				"Net Income - Discontinued ops": "-35000000.0",
				"Net Income": "633000000.0",
				"Preferred Dividends": "18000000.0",
				"Net Income Com": "615000000.0",
				"EPS": "1.19",
				"EPS Diluted": "1.18",
				"Weighted Average Shs Out": "508736576.0",
				"Weighted Average Shs Out (Dil)": "517000000.0",
				"Dividend per Share": "0.3",
				"Gross Margin": "1.0",
				"EBITDA Margin": "0.49",
				"EBIT Margin": "0.4896",
				"Profit Margin": "0.313",
				"Free Cash Flow margin": "1.5695",
				"EBITDA": "961000000.0",
				"EBIT": "961000000.0",
				"Consolidated Income": "632000000.0",
				"Earnings Before Tax Margin": "0.4896",
				"Net Profit Margin": "0.3225"
			},
			{
				"date": "2010-12-31",
				"Revenue": "3082000000.0",
				"Revenue Growth": "0.5911",
				"Cost of Revenue": "0.0",
				"Gross Profit": "3082000000.0",
				"R&D Expenses": "0.0",
				"SG&A Expense": "561000000.0",
				"Operating Expenses": "1992000000.0",
				"Operating Income": "1090000000.0",
				"Interest Expense": "0.0",
				"Earnings before Tax": "1023000000.0",
				"Income Tax Expense": "493000000.0",
				"Net Income - Non-Controlling int": "0.0",
				"Net Income - Discontinued ops": "67000000.0",
				"Net Income": "530000000.0",
				"Preferred Dividends": "72000000.0",
				"Net Income Com": "458000000.0",
				"EPS": "0.94",
				"EPS Diluted": "0.94",
				"Weighted Average Shs Out": "485590403.0",
				"Weighted Average Shs Out (Dil)": "487000000.0",
				"Dividend per Share": "0.0",
				"Gross Margin": "1.0",
				"EBITDA Margin": "0.332",
				"EBIT Margin": "0.3319",
				"Profit Margin": "0.149",
				"Free Cash Flow margin": "-2.1713",
				"EBITDA": "1023000000.0",
				"EBIT": "1023000000.0",
				"Consolidated Income": "530000000.0",
				"Earnings Before Tax Margin": "0.3319",
				"Net Profit Margin": "0.172"
			},
			{
				"date": "2009-12-31",
				"Revenue": "1937000000.0",
				"Revenue Growth": "0.7347",
				"Cost of Revenue": "0.0",
				"Gross Profit": "1937000000.0",
				"R&D Expenses": "0.0",
				"SG&A Expense": "540000000.0",
				"Operating Expenses": "1129000000.0",
				"Operating Income": "808000000.0",
				"Interest Expense": "0.0",
				"Earnings before Tax": "588000000.0",
				"Income Tax Expense": "264000000.0",
				"Net Income - Non-Controlling int": "0.0",
				"Net Income - Discontinued ops": "220000000.0",
				"Net Income": "324000000.0",
				"Preferred Dividends": "146000000.0",
				"Net Income Com": "178000000.0",
				"EPS": "0.38",
				"EPS Diluted": "0.38",
				"Weighted Average Shs Out": "474590764.0",
				"Weighted Average Shs Out (Dil)": "471000000.0",
				"Dividend per Share": "0.0",
				"Gross Margin": "1.0",
				"EBITDA Margin": "0.304",
				"EBIT Margin": "0.3036",
				"Profit Margin": "0.092",
				"Free Cash Flow margin": "-8.2158",
				"EBITDA": "588000000.0",
				"EBIT": "588000000.0",
				"Consolidated Income": "324000000.0",
				"Earnings Before Tax Margin": "0.3036",
				"Net Profit Margin": "0.1673"
			}
		]
	},
	{
		"symbol": "COLD",
		"financials": [
			{
				"date": "2018-12-31",
				"Revenue": "1603635000.0",
				"Revenue Growth": "0.0389",
				"Cost of Revenue": "1197986000.0",
				"Gross Profit": "405649000.0",
				"R&D Expenses": "0.0",
				"SG&A Expense": "114760000.0",
				"Operating Expenses": "225689000.0",
				"Operating Income": "179960000.0",
				"Interest Expense": "93312000.0",
				"Earnings before Tax": "44366000.0",
				"Income Tax Expense": "-3619000.0",
				"Net Income - Non-Controlling int": "0.0",
				"Net Income - Discontinued ops": "0.0",
				"Net Income": "47985000.0",
				"Preferred Dividends": "1818000.0",
				"Net Income Com": "46167000.0",
				"EPS": "0.31",
				"EPS Diluted": "0.31",
				"Weighted Average Shs Out": "147861840.0",
				"Weighted Average Shs Out (Dil)": "141415000.0",
				"Dividend per Share": "0.702",
				"Gross Margin": "0.253",
				"EBITDA Margin": "0.159",
				"EBIT Margin": "0.0859",
				"Profit Margin": "0.029",
				"Free Cash Flow margin": "0.039",
				"EBITDA": "255331000.0",
				"EBIT": "137678000.0",
				"Consolidated Income": "47985000.0",
				"Earnings Before Tax Margin": "0.0277",
				"Net Profit Margin": "0.0299"
			},
			{
				"date": "2017-12-31",
				"Revenue": "1543587000.0",
				"Revenue Growth": "0.036",
				"Cost of Revenue": "1169482000.0",
				"Gross Profit": "374105000.0",
				"R&D Expenses": "0.0",
				"SG&A Expense": "110945000.0",
				"Operating Expenses": "237116000.0",
				"Operating Income": "136989000.0",
				"Interest Expense": "114898000.0",
				"Earnings before Tax": "8785000.0",
				"Income Tax Expense": "9393000.0",
				"Net Income - Non-Controlling int": "0.0",
				"Net Income - Discontinued ops": "0.0",
				"Net Income": "-608000.0",
				"Preferred Dividends": "29319000.0",
				"Net Income Com": "-29927000.0",
				"EPS": "-0.43",
				"EPS Diluted": "-0.43",
				"Weighted Average Shs Out": "133037685.0",
				"Weighted Average Shs Out (Dil)": "70022000.0",
				"Dividend per Share": "0.0",
				"Gross Margin": "0.2424",
				"EBITDA Margin": "0.156",
				"EBIT Margin": "0.0801",
				"Profit Margin": "-0.019",
				"Free Cash Flow margin": "0.0159",
				"EBITDA": "240424000.0",
				"EBIT": "123683000.0",
				"Consolidated Income": "-608000.0",
				"Earnings Before Tax Margin": "0.0057",
				"Net Profit Margin": "-0.0004"
			},
			{
				"date": "2016-12-31",
				"Revenue": "1489999000.0",
				"Revenue Growth": "0.0058",
				"Cost of Revenue": "1144354000.0",
				"Gross Profit": "345645000.0",
				"R&D Expenses": "0.0",
				"SG&A Expense": "96728000.0",
				"Operating Expenses": "213521000.0",
				"Operating Income": "132124000.0",
				"Interest Expense": "119552000.0",
				"Earnings before Tax": "10811000.0",
				"Income Tax Expense": "5879000.0",
				"Net Income - Non-Controlling int": "0.0",
				"Net Income - Discontinued ops": "0.0",
				"Net Income": "4932000.0",
				"Preferred Dividends": "29388000.0",
				"Net Income Com": "-24456000.0",
				"EPS": "-0.35",
				"EPS Diluted": "-0.35",
				"Weighted Average Shs Out": "133037685.0",
				"Weighted Average Shs Out (Dil)": "69890000.0",
				"Dividend per Share": "0.0",
				"Gross Margin": "0.232",
				"EBITDA Margin": "0.167",
				"EBIT Margin": "0.0875",
				"Profit Margin": "-0.016",
				"Free Cash Flow margin": "0.0518",
				"EBITDA": "248934000.0",
				"EBIT": "130363000.0",
				"Consolidated Income": "4932000.0",
				"Earnings Before Tax Margin": "0.0073",
				"Net Profit Margin": "0.0033"
			},
			{
				"date": "2015-12-31",
				"Revenue": "1481385000.0",
				"Revenue Growth": "-0.0187",
				"Cost of Revenue": "1144365000.0",
				"Gross Profit": "337020000.0",
				"R&D Expenses": "0.0",
				"SG&A Expense": "91222000.0",
				"Operating Expenses": "226357000.0",
				"Operating Income": "110663000.0",
				"Interest Expense": "116710000.0",
				"Earnings before Tax": "-11539000.0",
				"Income Tax Expense": "9637000.0",
				"Net Income - Non-Controlling int": "0.0",
				"Net Income - Discontinued ops": "0.0",
				"Net Income": "-21176000.0",
				"Preferred Dividends": "29458000.0",
				"Net Income Com": "-50634000.0",
				"EPS": "-0.73",
				"EPS Diluted": "-0.73",
				"Weighted Average Shs Out": "133000000.0",
				"Weighted Average Shs Out (Dil)": "69758000.0",
				"Dividend per Share": "0.0",
				"Gross Margin": "0.2275",
				"EBITDA Margin": "0.156",
				"EBIT Margin": "0.071",
				"Profit Margin": "-0.034",
				"Free Cash Flow margin": "0.0379",
				"EBITDA": "230891000.0",
				"EBIT": "105171000.0",
				"Consolidated Income": "-21176000.0",
				"Earnings Before Tax Margin": "-0.0078",
				"Net Profit Margin": "-0.0143"
			},
			{
				"date": "2014-12-31",
				"Revenue": "1509598000.0",
				"Revenue Growth": "",
				"Cost of Revenue": "1187079000.0",
				"Gross Profit": "322519000.0",
				"R&D Expenses": "0.0",
				"SG&A Expense": "83822000.0",
				"Operating Expenses": "216501000.0",
				"Operating Income": "106018000.0",
				"Interest Expense": "114223000.0",
				"Earnings before Tax": "-32617000.0",
				"Income Tax Expense": "9817000.0",
				"Net Income - Non-Controlling int": "0.0",
				"Net Income - Discontinued ops": "0.0",
				"Net Income": "-42434000.0",
				"Preferred Dividends": "29535000.0",
				"Net Income Com": "-71969000.0",
				"EPS": "-1.03",
				"EPS Diluted": "-1.03",
				"Weighted Average Shs Out": "",
				"Weighted Average Shs Out (Dil)": "69621000.0",
				"Dividend per Share": "0.0",
				"Gross Margin": "0.2136",
				"EBITDA Margin": "0.142",
				"EBIT Margin": "0.0541",
				"Profit Margin": "-0.048",
				"Free Cash Flow margin": "0.0433",
				"EBITDA": "214285000.0",
				"EBIT": "81606000.0",
				"Consolidated Income": "-42434000.0",
				"Earnings Before Tax Margin": "-0.0216",
				"Net Profit Margin": "-0.0281"
			}
		]
	}
]